2250 3850
644 217 709 292 L
758 245 793 294 1
841 238 885 292 Β
934 238 983 294 Ε
1022 221 1085 296 ’R
1185 213 1283 292 X.
1586 229 1739 324 '313

202 307 509 382 novimum&
545 315 605 379 in
633 317 781 402 ipsas
815 317 1113 392 flammas,
1140 314 1286 379 dum
1326 312 1576 402 evadere
1613 339 1747 382 ten·
1771 327 2008 405 uestri.

208 397 363 462 dunt
380 445 399 474 ‚
424 397 621 460 absum
667 416 748 462 ta.
798 409 825 453 5
863 397 1081 460 Marcis
1103 397 1274 461 Livio
1297 399 1526 458 Dentre
1552 401 1613 461 δε
1643 404 1744 460 AE—
1770 399 1875 442 ²·C·
1897 408 2008 463 30¹!-

206 478 377 542 milio
403 477 629 540 consuli
675 499 744 542 us
777 477 1244 570 redintegratum
1271 477 1592 561 AEquicum
1616 479 1742 542 bel·
1770 455 1890 562 viff‘,
1929 456 2006 560 ¹1}le

202 556 352 620 lum.
389 558 709 622 Coloniam
740 578 887 642 aegre
915 576 1208 643 patientes
1227 547 1396 621 vfflut
1412 578 1608 619 arcem
1629 560 1746 623 suis
1773 564 1971 615 AEmssio

203 637 427 702 finibus
456 638 782 722 impolitam
802 685 822 716 ,
858 639 1079 701 summa
1112 637 1173 702 vi
1204 657 1358 722 expu
1403 657 1540 700 nare
1575 637 1748 702 ador·
1771 619 1904 674 ⁶⁰¹¹:

205 718 295 793 ti,
315 717 391 781 ab
413 718 543 803 ipfis
567 717 801 786 colonis
825 717 1146 804 pelluntur.
1186 723 1371 781 Ceter
1417 739 1476 780 m
1515 735 1750 786 tantum

202 799 411 864 Romae
432 816 720 864 terrorem
742 798 940 862 fecere
955 845 976 875 ‚
1000 799 1141 884 quia
1159 798 1262 862 vix
1281 797 1568 862 credibile
1589 819 1748 879 erat,

205 894 335 942 tam
354 876 571 942 affeffis
592 881 770 944 rebus
796 878 951 942 solos
966 899 1070 963 per
1095 879 1152 942 se
1172 882 1403 962 AEquos
1427 878 1502 941 ad
1522 880 1748 945 bellum

202 975 457 1022 coortos
483 1006 504 1036 ,
538 978 608 1023 ut
631 959 926 1025 tumultus
952 959 1078 1039 ejus
1103 958 1280 1022 causa
1305 959 1558 1023 distator
1579 960 1746 1027 dice-

204 1057 377 1104 retur
402 1041 481 1103 C.
514 1041 728 1105 Junius
768 1040 1096 1104 Bubulcus.
1133 1040 1184 1103 is
1221 1060 1360 1102 cum
1399 1047 1484 1105 M.
1523 1041 1750 1107 Titinio
1794 1059 2013 1112 eduum

206 1119 489 1203 magistro
520 1123 793 1206 equitum
829 1117 1133 1205 profefilus
1150 1166 1171 1196 ‚
1207 1118 1400 1204 primo
1439 1121 1751 1206 congressu
1777 1122 1969 1168 dmm*

208 1204 443 1284 AEquos
475 1202 747 1286 subegit,
790 1221 860 1262 ac
898 1200 994 1264 die
1026 1199 1243 1264 οᾶανο
1283 1200 1652 1286 triumphans
1688 1205 1753 1270 in

205 1282 423 1346 urbem
465 1304 654 1366 quum
694 1279 927 1344 redisset
965 1327 986 1357 ,
1032 1279 1217 1343 aedem
1256 1281 1472 1345 Salutis
1507 1329 1526 1358 ,
1571 1305 1754 1368 quam
1827 1360 1832 1366 ,

206 1361 429 1506 gpnsul
458 1379 741 1439 voverat,
761 1363 967 1426 censor
1000 1359 1302 1427 locaverat
1320 1406 1342 1440 ,
1363 1361 1616 1427 ἀίἃαῑοτ
1655 1364 1758 1432 de-

278 1460 460 1508 cavit.

202 1573 217 1582 ,
292 1526 380 1586 11.
419 1520 643 1586 Eodem
680 1543 834 1587 anno
873 1522 1058 1587 claffis
1096 1525 1484 1602 Graecorum,
1517 1537 1541 1571 ¹
1573 1525 1761 1592 Cleo-

208 1622 400 1687 nymo
424 1601 578 1668 duce
606 1604 1048 1668 Lacedaemonio
1067 1605 1195 1696 ‚ad
1223 1603 1404 1668 Italiae
1427 1604 1628 1668 littora
1658 1628 1764 1702 ap-

206 1685 380 1769 pulsa
414 1729 437 1761 ,
483 1697 510 1729 ²
556 1684 809 1748 Thurias
843 1685 1051 1748 urbem
1096 1705 1158 1747 1n
1201 1685 1540 1749 Sallentinis
1577 1707 1646 1749 ce
1689 1703 1760 1750 it.

206 1761 525 1830 Adversus
550 1763 711 1828 hunc
737 1763 963 1828 hostem
992 1763 1198 1830 consul
1224 1764 1496 1828 AEmilius
1521 1767 1600 1829 mi
1651 1787 1720 1830 us
1736 1813 1761 1844 ,

210 1845 419 1931 praelio
456 1865 580 1908 uno
610 1843 885 1929 fugatum
922 1844 1217 1939 compulit
1255 1846 1315 1907 i'n
1363 1865 1559 1910 naves.
1591 1847 1760 1911 Thu-
1825 1848 1832 1863 ‘

210 1927 313 1993 tiae
354 1924 597 1990 redditae
630 1924 819 1991 veteri
852 1925 1109 1990 cultori:
1141 1924 1584 2012 Sallentinoque
1613 1947 1761 2013 agro

153 2054 158 2059 -
210 2028 328 2093 pax
364 2023 546 2090 parta.
594 2008 839 2071 Iunium
869 2006 1210 2072 Bubulcum
1244 2006 1592 2071 dislatorem
1627 2010 1760 2073 mis-

210 2090 345 2153 sum
388 2086 449 2149 in
492 2085 843 2151 Sallentinos
865 2134 887 2163 ,
930 2089 991 2151 in
1044 2087 1399 2173 quibusdam
1447 2082 1760 2155 annalibus

212 2166 461 2235 invenio
501 2187 520 2229 t
565 2170 628 2231 &
674 2167 1075 2252 Cleonymum
1100 2214 1120 2243 ,
1161 2169 1501 2261 priusquam
1549 2169 1755 2234 confli-
1826 2184 2000 2237 clem.

208 2248 483 2333 gendum
515 2246 657 2311 effer
698 2270 837 2313 cum
878 2250 1156 2311 Romanis
1177 2292 1197 2321 ,
1231 2248 1399 2315 ltalia
1445 2250 1756 2315 exceffiffe.
1783 2256 1871 2287 '¹¹⁸⁸
1902 2246 2000 2289 Β·

215 2328 685 2393 (Ξίῐωτηνεὲὶιιε
723 2328 863 2391 inde
900 2326 1211 2390 Brundusii
1247 2330 1762 2421 promontorium,
1783 2316 1874 2353 ‘⁰⁹'

216 2410 547 2493 medioque
586 2406 712 2470 {inu
748 2406 1056 2471 Adriatico
1098 2423 1294 2470 venus
1330 2405 1487 2471 latus
1509 2455 1530 2485 ,
1617 2432 1766 2475 uum

214 2489 364 2555 laeva
398 2487 775 2573 importuosa.
801 2485 984 2548 Italiae
1020 2484 1223 2549 littora
1243 2532 1264 2562 ‚
1293 2485 1498 2551 dextra
1536 2493 1586 2551 11
1609 2490 1720 2573 yrii
1739 2536 1764 2568 ,

218 2569 591 2656 Liburniqtie
615 2614 639 2646 ,
674 2570 737 2633 δι
773 2566 903 2633 Istri
929 2612 952 2646 ‚
978 2583 1191 2652 gentes
1228 2565 1366 2631 ferae
1389 2613 1411 2645 ‚
1451 2572 1511 2631 &
1553 2590 1771 2656 magna
1833 2630 1842 2636 .

295 2731 317 2776 ς
354 2716 531 2767 Marcis
552 2716 687 2767 Livio
708 2720 879 2767 Dentre
898 2721 963 2772 (9⁶
1026 2710 1156 2770 Plut2
1173 2714 1222 2765 in
1242 2714 1394 2781 Agide
1407 2718 1456 2765 &
1476 2717 1524 2765 in
1543 2719 1768 2783 Pyrrho‘,

222 2779 481 2843 amilio]
528 2784 730 2849 Utrique
773 2793 961 2848 praeno·
1027 2782 1079 2830 δε
1114 2783 1393 2830 Pausaniam
1417 2784 1468 2829 in
1499 2785 1600 2832 Att.
1641 2786 1691 2833 δε
1715 2786 1770 2835 in

228 2859 343 2895 men
363 2858 463 2893 erat
486 2846 692 2897 Marcus.
736 2872 743 2879 ·
1026 2848 1202 2898 Lacon.
1744 2862 1754 2871 ·

296 2924 314 2956 1
368 2907 599 2972 Cleonymo
615 2946 630 2959 .
652 2945 666 2960 .
689 2946 701 2959 .
754 2907 963 2958 Lacedae·
1098 2924 1125 2956 2
1162 2910 1356 2959 Thurias
1370 2946 1384 2963 .
1403 2945 1417 2960 .
1434 2946 1449 2961 .
1475 2911 1525 2959 in
1552 2908 1773 2959 Sallenti-

222 2973 414 3037 anom‘o]
456 2975 546 3022 Hic
585 2972 676 3023 fine
716 2972 865 3023 dubio
902 2972 968 3022 est
1029 2974 1148 3036 nis]
1194 2974 1371 3023 Thuriae
1405 3011 1420 3033 ‚
1465 2974 1556 3022 sive
1607 2973 1774 3023 Thuris·

228 3038 519 3100 cleonymus
552 3038 817 3089 Cleomenis
847 3041 968 3103 regis
1032 3038 1146 3087 urbs
1176 3072 1192 3097 ,
1226 3038 1353 3103 prius
1399 3037 1584 3103 Sybaris
1611 3068 1628 3094 ‚
1671 3052 1774 3085 cet-

229 3100 392 3162 filius,
420 3103 537 3152 Arei
583 3105 703 3166 regis
745 3117 967 3167 patruus,
1032 3100 1079 3151 te
1128 3118 1274 3167 prope
1322 3100 1531 3170 Sybarim
1573 3114 1629 3147 ex
1673 3104 1774 3165 ejus

230 3182 377 3235 quem
406 3165 565 3232 postea
602 3166 809 3230 Pyrrhus
831 3170 883 3215 in
901 3183 973 3214 re·
1036 3169 1184 3215 ruinis
1209 3166 1402 3215 condita
1422 3200 1439 3225 ,
1461 3164 1489 3213 a
1509 3164 1773 3215 Sallentinis

234 3248 383 3303 gnum
404 3246 625 3281 revocare
639 3230 973 3289 tentavixwid.
1036 3234 1299 3282 Tarentino
1329 3228 1428 3279 finu
1456 3227 1702 3279 dividitur.

337 3302 492 3363 Tem.
516 3304 597 3363 11.
674 3370 679 3375 ,
1439 3295 1506 3357 0
