2250 3850
477 240 634 341 ‘148
957 232 1064 311 T:
1160 238 1229 311 L
1282 262 1314 310 1
1364 258 1425 312 v
1481 260 1513 311 1
1564 260 1598 311 1

145 364 151 379 =
218 368 454 422 mun,
478 337 703 403 biscitis
741 349 984 401 cautum
1001 379 1021 408 ‚
1049 354 1123 398 ne
1148 334 1285 419 quis
1308 332 1585 399 eumdem
1615 332 2025 418 magistratum*

221 429 327 475 ass.
347 438 451 479 339·
474 422 635 484 intra
659 418 868 480 decem
893 434 1075 478 annos
1097 430 1375 501 caperet:
1402 436 1520 479 neu
1547 414 1700 493 dnos
1720 414 2010 497 magistra·

477 516 582 564 tus
622 519 748 561 uno
778 516 930 563 anno
963 511 1229 578 gereret:
1258 497 1472 579 utique
1503 494 1710 558 licet-et
1740 492 2010 557 consules
2043 526 2049 533 ·

475 578 682 643 ambos
719 575 984 661 plebeios
1017 576 1222 638 creari.
1262 580 1417 653 Quae
1442 574 1483 636 fi
1511 576 1710 639 omnia
1744 570 2014 636 concessa

477 660 616 723 sunt
637 657 842 744 plebi,
865 674 1104 741 apparet
1127 654 1287 717 haud
1314 675 1517 739 parvas
1542 656 1700 719 vires
1724 652 2017 717 defectio·

478 759 619 803 nem
663 735 940 799 habuiffe.
987 734 1139 800 Aliis
1183 734 1485 799 annalibus
1582 734 1842 800 reditum
1885 732 2012 807 est,
2063 791 2070 795 ,

477 838 678 902 neque
721 815 1070 879 dictatorem
1110 814 1431 879 Valerium.
1457 758 1680 879 dignm
1704 860 1724 891 ,
1762 814 1861 876 sed
1906 831 2015 895 pet

477 896 750 976 consules
782 916 1020 971 omnem
1059 915 1184 958 rem
1218 894 1404 958 astam
1429 915 1662 980 :neque
1693 912 2013 977 antequam

474 980 722 1041 Romam
747 975 1052 1039 veniretur
1073 1020 1094 1050 ,
1133 974 1230 1037 sed
1258 978 1490 1051 Romae,
1513 996 1641 1037 eam
1674 972 2015 1037 multitudi-
2042 998 2049 1012 =

477 1077 616 1121 nem
645 1055 1092 1135 conjuratorum
1113 1053 1189 1117 ad
1219 1075 1375 1118 arma
1400 1054 1822 1117 consternatam
1845 1048 1959 1115 effe
1989 1085 2008 1128 ς

477 1154 590 1200 nec
618 1136 679 1198 in
701 1138 776 1199 T.
803 1132 1270 1212 Quintii·villam
1287 1180 1308 1210 ,
1338 1135 1517 1198 sedin
1540 1133 1690 1197 aedes
1725 1139 1801 1198 C.
1831 1142 2010 1199 Man-

475 1210 546 1279 lii
587 1214 760 1279 noste
796 1215 1085 1297 impetum
1129 1213 1350 1277 fadturn
1380 1242 1399 1291 3
1434 1234 1691 1297 eumque
1730 1213 1763 1278 ὲ
1796 1216 2012 1298 conju-

477 1295 626 1361 ratis
663 1316 797 1357 com
844 1292 1194 1368 rehensum,
1220 1310 1291 1356 ut
1329 1293 1451 1358 dux
1490 1294 1658 1357 fieret
1692 1316 1711 1370 ;
1751 1294 1888 1357 inde
1934 1294 2012 1359 ad

527 1393 763 1440 uartum
821 1373 1051 1458 apidem
1080 1372 1555 1457 profestos-loco
1589 1374 1823 1437 munito
1856 1395 2011 1439 con-

505 1452 680 1519 ediss'e
703 1476 719 1518 ι
739 1474 850 1517 nec
879 1454 950 1515 ab
984 1453 1241 1516 ducibus
1276 1455 1637 1517 mentionem
1674 1455 2013 1518 concordiae

443 1553 677 1600 ortam
715 1578 734 1608 ‚
783 1534 882 1610 sed
927 1532 1207 1617 repente,
1238 1552 1425 1619 quum
1466 1532 1529 1594 in
1570 1532 1759 1595 aciem
1800 1536 2010 1597 armati

481 1616 781 1681 exercitus
831 1610 1260 1697 proceffiffent‚
1302 1611 1708 1676 salutationem
1755 1610 2007 1695 factam3

477 1700 543 1762 δε
567 1694 872 1783 permistos
905 1692 1141 1758 dextras
1164 1691 1405 1775 jungere
1426 1740 1446 1768 ,
1473 1713 1541 1757 ac
1577 1694 1890 1779 complecti
1917 1695 2013 1758 in-

441 1769 464 1789 ’
478 1791 574 1840 ter
597 1779 654 1839 se
683 1776 1073 1858 lacrymantes
1094 1772 1313 1835 milites
1337 1771 1583 1857 coepisse
1604 1802 1626 1851 3
1653 1774 2010 1871 coaftosque

478 1856 753 1924 consules
773 1900 794 1930 ,
828 1874 1018 1938 quum
1045 1852 1319 1917 viderent
1344 1856 1573 1917 aversos
1602 1855 1635 1916 a
1666 1854 2009 1918 dimicatio-

477 1955 557 1999 ne
579 1936 835 1997 militum
858 1935 1084 1996 animos
1106 1978 1126 2004 ‚
1161 1931 1416 1995 retulisse
1440 1934 1513 1996 ad
1542 1938 1743 1997 Patres
1766 1934 1841 1997 de
1865 1955 2006 1999 con-

478 2014 686 2080 cordia
726 2011 1180 2075 reconcilianda.
1216 2011 1367 2075 adeo
1396 2011 1582 2090 nihil,
1661 2032 2008 2110 raeterquam

475 2089 1074 2166 seditionem-fuiffe,
1107 2111 1358 2176 eamque
1401 2113 1618 2178 compo
1661 2111 1818 2169 tam,
1846 2114 2006 2159 mter

475 2172 759 2250 antiquos
789 2188 994 2234 rerum·
1019 2171 1289 2234 au&ores
1324 2172 1567 2237 constat.
1606 2177 1678 2236 Et
1705 2173 1882 2254 hujus
1910 2175 2008 2238 fa-

473 2273 574 2334 ma
609 2251 910 2316 seditionis
943 2299 961 2328 ,
1002 2253 1064 2314 δε
1096 2253 1428 2336 susceptum
1469 2273 1609 2316 cum
1646 2254 2008 2318 Samnitibus

477 2351 659 2418 grave
681 2331 905 2396 bellum
933 2377 954 2407 ,
979 2329 1209 2416 aliquot
1232 2331 1502 2416 populos
1518 2333 1595 2396 ab
1629 2336 1888 2398 Romana
1918 2335 2009 2397 so,

479 2415 698 2484 cietate
735 2413 952 2478 avertit
974 2414 1075 2480 z&
1090 2460 1111 2491 ,
1138 2429 1343 2496 ptaetet
1381 2412 1725 2486 Latinorum
1756 2413 2006 2477 infidum

475 2491 724 2578 jamdiu
750 2491 959 2560 foedus
976 2538 998 2567 ,
1036 2492 1406 2558 Privernates
1427 2493 1605 2564 etiam
1628 2491 1889 2557 Norbam
1916 2511 2009 2555 at,

432 2598 440 2603 ·
477 2591 600 2656 que
645 2571 860 2634 Setiam
879 2620 900 2649 ‚
933 2570 1213 2635 finitimas
1252 2570 1515 2634 colonias
1554 2575 1837 2636 Romanas
1856 2615 1878 2649 ,
1907 2571 2005 2639 in-

477 2648 748 2722 cutfione
777 2650 967 2720 subiti
1002 2650 1344 2736 depopulati
1375 2652 1524 2719 sunt.

1137 2929 1327 3060 Q
1400 2945 1405 2950 ,
