2250 3850
424 215 1294 320 '⁴‘.L18uR'X.
1595 226 1760 337 385

222 322 377 391 taria
401 320 817 407 duodeviginti
838 322 1154 405 reliquere.
1186 322 1315 384 ‘alio
1341 320 1572 405 agmine
1591 344 1754 389 mco-
1787 333 2022 388 tls-419.

223 403 377 467 lumi
411 451 433 481 2
467 423 537 469 ut
581 423 654 466 ex
694 421 855 468 tanta
908 400 1305 488 trepidatione
1345 447 1369 479 ,
1425 405 1760 471 Bovianum
1785 391 1893 440 a.c.
1909 405 2022 448 291.

222 500 579 568 perventum
604 483 709 548 est.
779 497 791 504 ”

306 569 515 628 XLIV.
543 565 828 628 Laetitiam
848 563 1159 655 utriusque
1185 559 1483 626 exercitiis
1508 565 1762 632 Romani

221 644 391 708 auxit
412 649 473 708 &
493 645 565 707 ab
594 645 773 707 altera
798 643 1242 728 parte.fehciter
1301 643 1416 706 esta
1441 665 1559 710 res·
1595 664 1764 711 utet—

270 743 350 787 ue
373 745 447 787 ex
472 723 713 788 alterius
738 724 1023 787 sententia
1066 724 1250 787 consu
1309 741 1551 806 captum
1579 729 1760 820 oppi-

266 815 371 867 'um
396 805 796 898 diripiendum
812 804 988 866 militi
1016 802 1185 867 dedit
1214 825 1229 866 ε
1264 801 1558 868 exhaustis
1582 805 1759 869 dem-

222 883 303 946 d‘e
328 885 499 948 teetis
521 903 718 967 ignem
758 884 965 970 injecit
984 932 1002 959 ,
1031 884 1365 968 eodemque
1385 885 1482 948 die
1509 887 1762 972 Aquilo-

226 963 326 1027 nia
378 967 456 1028 δε.
489 965 843 1028 Cominium
884 961 1033 1028 defla
1109 985 1303 1029 avere.
1367 967 1441 1028 Et
1480 967 1760 1032 consules

220 1055 364 1107 cum
382 1043 787 1128 gratulatione·
799 1063 1004 1108 mutua
1056 1065 1089 1106 e⁴
1131 1045 1335 1108 ionum
1357 1047 1607 1131 suaque,
1630 1050 1759 1110 cas-

218 1131 314 1187 tra
346 1126 727 1207 conjunxere.
768 1133 841 1189 In
874 1127 1089 1210 conspe
1153 1146 1193 1188 u
1233 1125 1489 1189 duorum
1526 1128 1758 1191 exerci-

218 1221 395 1270 tuum
436 1209 497 1270 &
540 1205 838 1270 Carvilius
873 1208 1009 1269 suos
1048 1227 1160 1291 pto
1207 1206 1494 1289 cujusque
1535 1211 1757 1272 merito

221 1283 487 1351 laudavit
510 1285 881 1368 donavitque
904 1313 923 1362 3
947 1289 1009 1347 δε
1032 1285 1302 1367 Papirius
1329 1332 1350 1362 ‚
1387 1286 1542 1369 apud
1570 1309 1756 1371 quem

216 1365 532 1448 multiplex
557 1413 579 1443 ‚
604 1368 665 1428 in
687 1366 813 1428 acie
831 1413 852 1441 ,
878 1365 1038 1427 circa
1062 1365 1246 1448 castra
1269 1411 1288 1440 ‚
1319 1365 1480 1428 circa
1505 1368 1714 1430 urbem
1730 1412 1755 1445 ,

213 1445 416 1509 fuerat
438 1464 736 1509 certamen
757 1494 776 1522 ,
814 1448 912 1527 Sp.
935 1445 1227 1508 Nautium
1251 1494 1270 1521 ‚
1293 1451 1387 1538 Sp.
1409 1446 1710 1530 Papirium
1729 1494 1754 1525 ,

214 1524 415 1588 fratris
444 1526 668 1603 filium,
712 1529 776 1590 δε
808 1543 1069 1611 quatuor
1106 1543 1530 1601 centurioneS,
1566 1530 1752 1592 mani-

215 1604 429 1690 pulum
475 1630 551 1671 ue
581 1606 957 1671 Hastatorum
980 1653 1001 1682 ‚
1038 1605 1284 1688 armillis
1301 1607 1609 1692 aureisque
1649 1631 1762 1673 (το--

215 1686 382 1750 tonis
462 1687 707 1752 onavit:
746 1686 1038 1750 Nautium
1071 1734 1089 1761 ‚
1133 1703 1374 1771 propter
1411 1688 1753 1769 expeditio-

216 1785 357 1830 nem
382 1812 403 1857 2
443 1768 563 1852 quii
588 1767 785 1850 magni
806 1767 1055 1861 agminis
1084 1767 1267 1829 modo
1284 1783 1573 1830 terruerat
1611 1768 1756 1832 hos-

208 1862 315 1908 tes
341 1868 656 1941 gluvenem
676 1852 981 1932 Papmum
1007 1893 1026 1922 ‚
1053 1865 1300 1933 propter
1317 1865 1587 1911 navatam
1614 1870 1782 1914 cum-

212 1945 493 2011 eqmtatu
531 1932 597 1992 &
624 1929 685 1991 in
712 1926 912 2013 praelio
946 1950 985 1989 ο
1028 1949 1190 1991 eram
1209 1956 1230 2005 3
1261 1932 1324 1992 δε
1365 1928 1540 1992 noste
1570 1977 1590 2005 ‚
1630 1932 1761 2015 qui·

210 2006 422 2091 fugam
446 2008 715 2073 infestam
754 2008 999 2072 Samniti
1043 2029 1113 2072 us
1142 2009 1214 2073 ab
1253 2008 1576 2092 Aquilonia
1597 2010 1755 2077 clam

207 2088 446 2181 egrefl‘ss
486 2088 638 2153 fecit
664 2098 738 2151 :'¹
763 2090 1151 2153 centuriones
1191 2088 1563 2175 militesque,
1602 2092 1746 2177 quia

202 2166 642 2259 primi'portam
668 2191 905 2234 murum
951 2192 1027 2234 ue
1068 2170 1405 2255 Aquiloniae
1441 2191 1740 2265 cepergnt.

204 2250 444 2332 equites
484 2271 691 2314 omnes
729 2251 811 2317 ob
855 2252 953 2312 ini
996 2270 1134 2315 nem
1170 2250 1375 2313 multis
1391 2251 1560 2315 ‘locis
1607 2275 1751 2338 ope-

208 2344 373 2407 ram,
399 2343 429 2374 ²
456 2331 779 2395 corniculis
823 2352 967 2393 armi
990 2330 1180 2413 lisque
1215 2331 1508 2412 argenteis
1545 2332 1751 2397 donat.

206 2408 543 2473 Confilium
580 2409 719 2473 inde
764 2409 1037 2472 habitum
1080 2455 1100 2484 ,
1146 2430 1332 2493 quum
1367 2409 1482 2490 jam
1515 2429 1750 2505 tempus

203 2487 350 2553 effet
367 2490 701 2555 deducendi
724 2488 796 2551 ab
822 2488 1059 2552 Samnio
1078 2488 1374 2557 exercitiis
1401 2508 1503 2553 aut
1531 2495 1751 2557 utnus-

204 2592 327 2655 que
354 2619 373 2648 ‚
408 2589 511 2636 aut
532 2570 696 2639 certe
723 2569 983 2655 alterius.
1018 2568 1342 2655 Optimum
1367 2572 1557 2635 visum
1575 2620 1596 2649 ,
1635 2596 1746 2657 quo

202 2656 601 2736 magisftat'iae
623 2676 714 2715 res
732 2653 1070 2727 ‚Samnitium
1092 2652 1251 2735 effint
1270 2695 1293 2724 ,
1319 2674 1378 2715 eo
1393 2656 1747 2737 pertinacius

275 2796 297 2829 ι
334 2784 622 2850 Centuriones
647 2780 902 2850 militesque
916 2791 942 2847 1
1002 2782 1301 2855 suspicantur
1346 2786 1616 2851 interpretes
1661 2802 1748 2837 ot·

204 2852 427 2905 Quatuo't
459 2852 750 2899 centuriones
776 2880 793 2906 ,
831 2862 957 2909 ηιμ,
1000 2844 1229 2917 εἰρωωῑει
1278 2846 1416 2913 ἑὶιρῐΐο
1473 2851 1706 2902 militaria
1729 2883 1750 2911 ,

202 2911 533 2981 nipulumq'ue‘
546 2912 684 2962 illum
706 2909 939 2961 ‘Hastato-
1003 2926 1225 2979 argentea
1244 2912 1321 2961 vel
1345 2930 1488 2963 aurea
1503 2949 1520 2975 ,
1544 2915 1608 2962 ab
1627 2912 1750 2978 figu-

204 2985 315 3027 rum
330 3010 347 3036 ‚
372 2976 433 3025 de
452 2978 627 3041 quibus
642 2972 795 3025 modo
812 2984 947 3025 m'en-
1012 2993 1066 3025 ra
1103 2978 1336 3025 cornuum
1381 2994 1482 3027 non
1521 2978 1748 3026 abluden-

204 3044 280 3097 tio
304 3039 433 3095 faeta
458 3038 543 3091 est.
778 3086 783 3093 ,
1012 3044 1079 3089 tia
1096 3075 1113 3100 ,
1175 3056 1258 3090 uae·
1274 3044 1324 3091 in
1351 3043 1496 3107 galeis
1527 3040 1750 3107 gestanda

1012 3105 1160 3153 militi
1197 3120 1250 3153 ue
1269 3109 1328 3154 iis
1347 3109 1431 3173 qui
1451 3105 1630 3155 strenue
1654 3104 1751 3153 ali·
1827 3129 1834 3135 ·

244 3166 257 3179 ⁰
272 3189 301 3221 2
326 3170 612 3237 Corniculis]
637 3174 812 3219 Parum
836 3184 949 3218 con·
1014 3166 1127 3235 quid
1151 3166 1346 3234 egissent
1363 3204 1382 3231 ,
1407 3170 1472 3222 ab
1493 3175 1755 3237 imperato-⁴

204 3238 296 3290 stat
334 3239 395 3291 de
441 3238 603 3303 hujus·
621 3237 755 3289 vocis
796 3232 949 3285 sensu.
1010 3250 1067 3287 re
1085 3233 1328 3289 darentur.
1377 3256 1384 3261 ·
1411 3254 1418 3259 ·

196 3398 209 3407 θ
306 3308 463 3371 Tarm
496 3310 581 3373 11.
1432 3300 1489 3367 R

1945 3226 1962 3257 l

2038 649 2054 676 t
