2250 3850
503 190 663 272 '21'6
998 191 1600 274 T.L1v11

258 308 481 365 meno.
506 293 612 362 fit,
638 291 833 356 hostes
870 291 931 359 in
959 292 1200 356 Samnio
1225 311 1630 358 moverentur.
1671 291 1938 358 ceterum
1975 293 2040 358 lu

254 367 482 422 'bc-³²2·
505 371 703 436 oculis
742 371 1081 454 exemplum
1134 390 1260 436 etat
1309 376 1394 452 Q.
1437 372 1646 436 Fabius
1685 379 1766 436 M.
1801 374 2041 437 Valerio

500 451 705 534 legam
726 497 747 528 ,
766 451 874 534 qui
904 451 1099 514 castris
1137 469 1378 536 praeerat
1395 497 1414 527 ,
1439 473 1512 513 ne
1540 473 1718 536 quam
1751 452 1873 516 vim
1899 453 2038 516 hos-

506 531 661 594 tium
703 531 921 614 magis,
992 531 1131 594 uam
1165 548 1398 597 trucem
1441 531 1744 610 dictatoris
1775 533 1920 595 iram
1955 533 2036 596 ti-

506 629 716 675 meret.
732 615 942 694 Itaque
990 628 1420 676 tumentatores
1431 633 1624 695 quum
1643 612 2036 678 circumventi

508 711 585 754 ex
611 689 824 754 infidiis
844 737 863 766 ,
904 689 1025 754 caefi
1064 691 1204 754 loco
1247 691 1328 754 ini
1377 713 1456 753 uo
1489 690 1708 766 effen-it,
1741 691 2036 768 creditum

506 769 609 835 vul
656 769 695 832 ὸ
732 770 812 833 est
835 815 854 843 ‚
874 771 1168 834 subveniri
1196 770 1281 833 eis
1318 793 1348 832 a
1425 769 1626 854 legato
1653 771 1902 854 potuiffe
1925 816 1945 845 ‚
1971 770 2035 834 ni

507 849 584 913 tri
636 851 691 914 ia
725 849 915 913 'edicta
940 849 1346 914 exhorruisset.
1384 853 1464 912 Ea
1503 871 1748 936 quoque
1783 852 1870 914 ira
1895 850 2040 913 alie·

499 930 671 994 navit
709 928 743 991 ὲ
786 928 1073 995 dictatore
1123 928 1381 992 militum
1423 929 1652 994 animos
1677 974 1697 1004 ‚
1739 927 1853 1010 jam
1896 929 2038 996 ant&

499 1007 765 1073 infensos
777 1053 797 1084 ,
817 1007 987 1093 qubd
1005 1008 1386 1094 implacabilis
1407 1013 1488 1090 Q.
1509 1009 1684 1074 Fabio
1703 1007 1930 1082 fuiffet,
1947 1013 2031 1088 δε,

503 1087 674 1172 quod
706 1089 823 1152 suis
854 1089 1131 1172 precibus
1164 1087 1418 1172 negass'et
1434 1133 1458 1166 ‚
1495 1087 1625 1170 ejus
1656 1089 1880 1175 populo
1903 1092 2033 1154 Ro-

492 1188 680 1233 mano
718 1168 950 1232 veniam
999 1167 1267 1233 dedisset.

582 1252 895 1310 XXXVI.
940 1248 1256 1331 Postquam
1291 1246 1582 1324 dictator,
1625 1247 1930 1342 praepofito
1969 1246 2053 1331 in,

503 1325 654 1390 urbe
691 1333 753 1390 L.
782 1326 1017 1412 Papirio
1049 1327 1256 1392 Craffo
1297 1327 1571 1410 magistro
1605 1347 1919 1411 equitum,
1941 1333 2031 1408 Q.

501 1407 681 1470 Fabio
720 1408 910 1473 vetito
953 1411 1276 1492 quicquam
1320 1429 1427 1498 pro
1453 1407 1786 1548 magistratu
1813 1425 1986 1490 agere
2005 1453 2030 1484 2

502 1484 567 1549 in
605 1487 784 1550 castra
816 1487 1029 1564 rediit3
1056 1508 1252 1572 neque
1283 1486 1514 1549 clvibus
1569 1487 1679 1548 atis
1720 1487 1885 1550 laetus
1923 1485 2031 1550 ad-

502 1585 723 1631 ventus
746 1568 871 1648 ejus
905 1565 1055 1642 fuit,
1079 1587 1190 1631 nec
1219 1565 1484 1628 hostibus
1512 1565 1834 1650 quicquam
1868 1583 2034 1630 attu-

503 1645 577 1710 lit
599 1648 858 1710 terroris.
888 1668 1144 1732 namque
1175 1645 1404 1733 postero
1431 1645 1527 1708 die
1545 1691 1566 1721 ,
1590 1646 1736 1713 seui
1779 1645 1904 1714 nari
1931 1667 2030 1710 ve-

504 1726 647 1790 niffe
682 1727 1025 1792 diblatorem
1048 1775 1067 1803 ‚
1096 1730 1196 1790 seu
1213 1774 1233 1802 ,
1259 1723 1472 1790 adesset
1496 1747 1568 1790 an
1593 1725 1699 1788 abe
1747 1744 1807 1787 et
1823 1771 1842 1796 ,
1863 1723 2030 1811 parvi

505 1805 796 1872 facientes
816 1853 835 1882 ‚
866 1808 1142 1872 instrustd
1176 1806 1303 1870 acie
1333 1805 1411 1869 ad
1439 1804 1626 1870 castra*
1649 1803 2030 1868 accefferunt.

285 1891 483 1949 Legio-‘¹
507 1886 797 1951 Ceterum
832 1905 1064 1953 tantum
1104 1886 1391 1951 momenti
1415 1885 1474 1948 in
1501 1905 1620 1949 uno
1646 1885 1778 1950 viro
1816 1889 1880 1949 L.
1911 1889 2027 1949 Pa-

252 1951 466 2051 21:²33..
508 1966 662 2050 pirio
690 1966 849 2041 fuit,
878 1987 985 2041 ut,
1010 1968 1049 2028 fi
1072 1968 1265 2037 aucis
1304 1967 1538 2029 confina
1562 1964 2030 2030 favorsubsecu-

250 2064 355 2118 stria
377 2059 485 2108 mate·
508 2062 605 2107 tus
646 2046 897 2109 militum
940 2046 1097 2109 foret
1118 2094 1140 2122 ,
1162 2045 1442 2108 debellari
1475 2068 1550 2109 eo
1570 2046 1664 2108 die
1702 2064 1841 2109 cum
1867 2048 2027 2109 Sam-

249 2133 455 2180 pugnant.
506 2126 727 2188 nitibus
756 2126 1006 2208 potuiffe
1030 2172 1049 2201 ,
1082 2147 1192 2211 pro
1227 2124 1387 2189 haud
1413 2126 1600 2188 dubio
1621 2125 1890 2189 habitum
1913 2124 1979 2187 fit
2005 2145 2026 2190 z
2049 2130 2084 2137 “

504 2203 589 2269 ita
618 2204 884 2269 instruxit
908 2206 1095 2267 aciem
1128 2204 1270 2267 loco
1288 2249 1310 2277 ‚
1348 2224 1417 2268 ac
1438 2203 1698 2268 subfidiis
1719 2229 1737 2279 ς
1762 2207 1842 2269 ita
1862 2204 2026 2269 omni

504 2303 631 2349 arte
656 2285 867 2349 bellica
895 2284 1186 2350 firmavit(
1203 2282 1484 2349 cessatum
1521 2285 1556 2348 ὲ
1584 2284 1769 2347 milite
1793 2331 1816 2362 ‚
1850 2307 1916 2348 ac
1948 2285 2025 2349 de

504 2365 817 2441 industria,
834 2383 901 2429 ut
938 2366 1368 2430 obtrectaretur
1402 2363 1675 2429 laudibus
1693 2364 1894 2440 ducis,
1915 2365 2025 2429 im-

506 2446 707 2528 pedita
730 2446 970 2509 vidioria
990 2446 1091 2510 est.
1118 2446 1327 2510 Plures
1349 2446 1694 2509 Samnitium
1715 2444 2021 2509 cecidere:

505 2524 706 2608 plures
745 2526 993 2588 Romani
1033 2526 1324 2589 vulnerati
1363 2527 1514 2587 sunt.
1574 2523 1756 2585 Sensit
1793 2524 2024 2605 peritus

503 2602 628 2666 dux
650 2650 669 2679 ,
688 2624 817 2687 quae
854 2624 947 2665 res
970 2605 1230 2672 vistoriae
1253 2603 1506 2667 obstaret
1531 2625 1545 2663 ε
1575 2601 2026 2683 temperandum

503 2683 807 2764 ingenium
856 2686 1023 2746 suum
1063 2683 1211 2760 elle,
1247 2687 1310 2745 &
1361 2682 1726 2745 severitatem
1766 2680 2024 2745 miscen-

298 2779 490 2827 meam
509 2762 642 2824 dam
685 2774 706 2805 ¹
759 2763 1045 2826 comitati.
1086 2764 1296 2848 I'taque
1333 2760 1611 2823 adhibitis
1654 2760 1860 2842 legatis
1899 2762 2024 2846 ipse

264 2837 491 2896 ⁰⁰ffl0's‘·
511 2854 538 2887 2
559 2842 786 2905 circum
803 2842 1029 2904 saucios
1050 2842 1266 2905 milites
1284 2840 1536 2903 inserens
1563 2840 1622 2903 in
1643 2840 1897 2904 tentoria
1921 2863 2020 2905 ca-

267 2900 367 2985 ang.
456 2992 463 2999 ,
509 2940 657 3008 put,
681 2920 933 3005 smgulos
958 2941 1027 2983 ut
1062 2923 1178 2985 sese
1193 2920 1478 2991 habetent
1501 2922 2022 3004 rogitan5,curam

570 3067 590 3100 1
620 3052 871 3115 Comitati]
904 3048 1076 3101 Manet
1103 3056 1229 3100 Gto-
1293 3056 1471 3101 Omnes
1521 3052 1702 3101 saucios
1750 3051 1923 3102 milites
1967 3065 2024 3100 α

506 3120 676 3170 novius
692 3136 703 3167 =
722 3117 942 3165 comitate.
1295 3116 1461 3169 ordine
1491 3118 1787 3169 circumiens.

569 3198 595 3229 2
630 3182 805 3232 Circum
820 3179 999 3247 fitucios
1021 3176 1232 3250 milites)

1822 3261 2029 3309 Corum
