2250 3850
567 235 650 309 L
707 261 740 310 1
791 259 836 310 Β
886 259 934 312 Ε
982 257 1035 312 R
1136 235 1280 314 VI.
1602 259 1713 342 49

188 335 276 402 lira
295 349 520 419 pavore
541 333 759 434 praelati
782 378 802 408 ,
825 354 945 396 non
1011 333 1131 398 rius
1152 336 1209 398 se
1233 333 1306 399 ab
1332 333 1513 400 effuso
1534 345 1708 404 cursu
1736 346 1969 399 ῦϊ-ςπ.

183 413 378 478 filiunt
402 421 430 488 ,'
449 435 629 498 quam
653 415 716 476 iu
744 415 957 498 conspe
1021 438 1067 479 u·
1085 415 1375 478 Praeneste
1404 413 1540 481 fuit.
1580 421 1707 498 Ibi,
1734 405 1971 458 ²³⁶⁷*

182 505 207 548 ³
239 515 314 556 ex
343 491 486 577 fuga
515 493 800 577 diffipati,
829 492 1032 557 locum
1049 509 1070 571 ‚‘
1097 517 1280 579 quem
1317 495 1713 562 tumultuario

176 593 356 667 opere
379 573 845 648 communirent,
866 574 1147 657 capiunt:
1178 595 1251 640 ne
1271 621 1291 652 ‚
1317 573 1359 636 fi
1382 575 1537 638 intra
1562 597 1715 642 moe-

181 673 270 718 ma
293 656 352 715 se
379 650 722 737 recepissent
738 699 760 728 ,
785 670 981 719 extem
1022 653 1083 716 lo
1103 672 1376 719 ureretur
1470 675 1573 731 er,
1603 656 1719 720 de-

219 731 592 816 opulatisquc
627 732 905 797 omnibus
939 755 976 796 o
1021 732 1165 798 sidio
1198 734 1332 798 urbi
1371 735 1433 796 in
1460 753 1715 800 erretur.

219 813 295 878 ed
369 811 636 897 ostquam
660 859 682 888 ,
715 811 960 898 direptis
999 813 1073 876 ad
1111 813 1327 877 Alliam
1358 815 1595 892 castriS,
1617 818 1718 882 vi·-

181 894 312 958 stor
326 834 632 956 ¹{Romanus
657 891 856 956 aderat
875 938 895 968 ‚
922 891 986 954 id
1005 915 1253 978 quoque
1280 895 1719 976 munimentum

179 971 493 1041 relistumt
523 976 588 1036 δε
631 973 736 1034 vix
769 973 998 1036 moenia
1035 991 1167 1036 tuta
1203 974 1315 1037 rati
1336 1022 1357 1051 ,
1396 975 1615 1060 oppido
1656 979 1721 1039 se

182 1051 472 1120 Praeneste
538 1051 874 1115 includunt.
943 1051 1110 1116 Οᾶο
1172 1071 1445 1138 praeterea
1498 1055 1719 1142 oppida

183 1147 378 1204 erant„
399 1131 508 1194 sub
548 1131 776 1195 ditione
825 1132 1324 1198 Praenestinorum.
1370 1135 1445 1198 ad
1490 1157 1556 1198 ea
1600 1137 1715 1198 cir-

186 1212 520 1278 cumlatum
557 1210 782 1275 bellum
817 1233 833 1276 z
871 1211 1266 1298 deincepsque
1307 1213 1466 1278 haud
1503 1237 1595 1278 ma
1640 1215 1728 1279 no'

185 1293 510 1359 certamine
547 1292 734 1376 captis
770 1336 794 1368 ,
841 1291 1097 1359 Velitras
1144 1294 1443 1358 exercitus
1485 1295 1563 1359 du
1670 1316 1719 1358 s·

185 1396 264 1440 eae
307 1393 559 1458 quoque
606 1381 972 1457 expugnatae.
1023 1376 1181 1436 Tum
1227 1375 1301 1438 ad
1350 1393 1529 1458 caput
1577 1374 1723 1438 belli

187 1452 476 1525 Praeneste
504 1470 772 1516 ventum.
822 1451 885 1514 id
918 1472 1039 1514 non
1063 1453 1165 1527 vi,
1195 1453 1295 1517 sed
1330 1475 1433 1539 per
1466 1455 1723 1518 deditio-

188 1555 329 1600 nem
354 1550 665 1625 receptum
689 1532 790 1596 est.
829 1535 904 1596 T.
943 1533 1236 1612 Quintius
1267 1534 1443 1598 semel
1472 1537 1598 1598 acie
1630 1535 1722 1598 vi-

191 1617 324 1681 &or
343 1658 366 1686 ,
397 1612 554 1675 binis
591 1612 786 1675 castris
817 1611 1074 1676 hostium
1092 1661 1115 1688 ‚
1136 1613 1623 1699 novemoppidis
1660 1613 1726 1677 vi

192 1689 421 1781 captis,
450 1691 728 1755 Praeneste
763 1693 825 1754 in
857 1691 1226 1756 deditionem
1262 1705 1513 1776 accepto
1542 1739 1563 1767 ‚
1600 1696 1730 1754 Ro-

194 1797 352 1840 mam
379 1773 664 1838 revertit:
687 1771 1174 1863 triumphansque
1198 1771 1237 1832 fi
1281 1791 1423 1834 num
1447 1771 1731 1835 Praeneste
1814 1837 1819 1840 ,

196 1853 517 1948 dSQ
539 1852 709 1917 Iovis
735 1857 1116 1938 Imperatoris
1138 1851 1201 1914 in
1224 1789 1588 1936 gapitolium
1622 1871 1725 1916 tu·
1796 1871 1989 1931 Jupiter·

197 1937 290 2000 ht.
337 1934 702 1998 Dedicatum
735 1931 818 1995 est
860 1931 1018 1997 inter·
1057 1932 1267 1995 cellam
1306 1934 1475 1998 Iovis
1512 1955 1590 1997 ac-
1613 1934 1730 1997 Mi·
1753 1932 1944 1989 me‘f‘·

198 2036 397 2081 nervae
423 2013 781 2095 :tabulaque
818 2012 926 2075 sub
965 2034 1040 2075 eo
1079 2012 1193 2075 fixa
1216 2058 1239 2089 ‚
1278 2032 1731 2077 monumentum
1754 2000 1834 2042 eor.

197 2116 404 2162 rerum
429 2093 718 2177 gestarum
734 2136 754 2167 ,
784 2091 878 2165 his
905 2090 1091 2155 ferme
1127 2092 1306 2170 incisa
1336 2092 1547 2159 litteris
1572 2092 1691 2157 fuit
1712 2115 1735 2159 t

197 2180 427 2261 Iupiter
467 2194 634 2257 atque
676 2176 807 2234 diva·
847 2195 1027 2234 omnes
1069 2177 1167 2233 hoc
1208 2176 1469 2235 dederunt
1496 2218 1517 2246 ,
1558 2194 1624 2237 ut
1665 2178 1737 2240 T.

196 2257 484 2349 Quintius
519 2256 753 2315 differtor
791 2262 824 2303 4
859 2255 1056 2334 oppida
1093 2276 1289 2313 novem
1328 2270 1561 2337 caperet.
1616 2254 1758 2317 Die.

194 2334 485 2482 {igefimfi
519 2332 702 2417 quam
732 2348 967 2397 creatus
1004 2350 1129 2395 erat
1156 2377 1178 2407 ,
1218 2330 1505 2395 dictatura
1542 2334 1599 2394 se
1635 2333 1740 2395 ab·

247 2414 460 2479 'cavit.
951 2424 968 2447 ⁶

281 2498 472 2557 XXX.
488 2490 774 2555 'Comitia
797 2490 937 2553 inde
959 2488 1162 2553 habita
1187 2488 1559 2556 tribunorum
1588 2490 1739 2557 mili-

195 2594 345 2643 tum
385 2572 674 2637 consulari
713 2570 997 2655 potestate
1025 2593 1040 2632 ε
1068 2570 1288 2655 quibus
1326 2590 1589 2657 aequatus
1627 2594 1737 2659 pa-

199 2657 527 2725 tticiorum
557 2651 1048 2737 plebeiorumque
1075 2672 1377 2718 numerus·
1416 2656 1505 2717 Ex
1547 2654 1737 2719 Patri-

277 2865 306 2908 3
329 2846 522 2913 Exfugae
535 2844 768 2957 diffipati]
785 2850 950 2905 Quum
1005 2857 1098 2895 tem
1119 2846 1303 2896 tertium
1322 2884 1335 2906 ,
1356 2847 1579 2913 scriptum
1604 2842 1741 2894 fuisse

197 2913 319 2965 dim
349 2916 416 2961 ati
450 2914 544 2960 hac
599 2912 634 2959 il
657 2926 712 2958 ac
745 2925 800 2958 ex
835 2910 885 2957 fu
918 2926 947 2959 a
1009 2913 1060 2959 in
1092 2912 1183 2959 hac
1209 2911 1373 2961 tabula
1402 2918 1459 2961 Τ.
1488 2913 1743 2969 Quintium

195 2980 282 3029 fui
325 2991 438 3036 ent,
461 2979 560 3041 jam
581 2978 798 3023 inunum
813 2927 950 3023 coffi-
1012 2990 1219 3024 novem·
1242 2976 1379 3024 urbes
1433 2991 1515 3040 per
1567 2986 1747 3022 novem

196 3058 384 3111 gentes*
421 3040 468 3089 se
485 3074 506 3101 ,
543 3038 614 3087 ibi
664 3037 826 3087 locum
868 3055 949 3089 ca·
1014 3038 1110 3089 dies
1136 3073 1155 3099 ,
1192 3042 1243 3087 &
1270 3038 1505 3090 decimam
1539 3034 1747 3085 Preneste

191 3112 366 3175 piant.
1015 3100 1199 3167 cepiffe.
1234 3106 1289 3152 Et
1306 3100 1518 3167 profec'tb
1544 3101 1639 3147 hoc
1658 3114 1771 3147 νο·-

277 3187 316 3231 4
343 3166 532 3237 Oppida
559 3182 723 3216 novem
747 3182 798 3213 ca
829 3175 953 3228 eret]
1017 3170 1169 3217 luerat
1197 3170 1351 3215 Livius
1370 3202 1393 3235 ι
1422 3163 1457 3213 fi
1482 3180 1563 3229 per
1595 3162 1746 3215 libra-

195 3236 436 3287 ·restatur
449 3230 790 3284 Festusinvoce
842 3231 958 3282 νὶω-
1018 3234 1116 3283 rios
1136 3226 1353 3293 licuisset,

315 3306 482 3365 Tom.
507 3305 592 3361 ΙΙ.
747 3328 760 3337 ’
993 3292 1006 3300 ’
1450 3290 1511 3357 C
