2250 3850
80 615 87 622 .
190 581 253 626 ta
286 610 306 640 ,
358 581 633 647 equitum
676 565 772 624 sex
817 560 999 632 millia
1038 607 1057 636 ,
1099 559 1264 622 mille
1308 579 1728 655 carpentorum

636 225 1066 302 Lrnnn
1168 217 1260 298 X.
1573 225 1732 325 361·

194 323 316 400 est,
351 332 375 366 ¹
405 323 585 388 etiam
606 344 753 388 vero
778 322 967 386 stanti.
1000 319 1115 386 Sed
1143 334 1170 365 ²
1202 323 1266 382 su
1312 317 1566 402 erjecere
1591 323 1725 408 qui·
1750 347 1977 400 [Le-45⁷·

110 427 115 430 ·
193 404 329 470 dam
366 403 636 488 augendo
670 403 847 466 fidem
869 447 889 477 ,
920 401 1023 486 qui
1060 402 1122 462 in
1163 399 1245 462 ho
1296 400 1418 463 ium
1457 404 1724 468 exercitu
1750 404 1984 458 ³000„-

100 493 117 506 ⁸
186 493 218 537 -3
250 485 519 576 pediturn
551 482 937 566 quadraginta
972 480 1155 542 millia
1183 497 1484 550 trecentos
1511 483 1726 567 trigin-

190 645 471 726 scripsere
508 639 677 705 fuisse
702 667 720 717 ς
750 641 975 704 scilicet
996 687 1011 714 ,
1041 661 1182 702 curn
1223 643 1460 704 Umbris
1491 645 1728 706 Tuscis-
1822 673 1824 675 >

190 743 313 808 que
340 745 357 784 t
384 725 628 808 quos&
652 722 809 806 ipsos
835 739 1043 806 pugnae
1067 717 1333 785 adfuiffe.
1369 726 1444 785 Et
1459 767 1479 797 ,
1517 740 1585 784 ut
1611 728 1733 787 Ro-

189 822 503 866 manorum
530 822 776 888 quoque
801 817 1085 884 augerent
1114 820 1190 862 co
1231 799 1313 863 ias
1335 847 1356 877 ‚
1387 807 1450 865 L.
1477 802 1734 868 Volum-

190 883 365 946 nium
399 881 753 968 proconsule
796 880 1013 944 ducem
1058 900 1176 943 con
1204 879 1400 945 ulibus
1436 929 1456 956 ,
1493 883 1733 948 exerci-

190 975 326 1026 tum
372 984 448 1026 ue
476 963 603 1044 ejus
627 962 681 1025 le
725 960 962 1024 ionibus
988 961 1297 1024 consulum
1321 961 1628 1028 adiciunt.
1658 970 1732 1030 In

191 1042 350 1128 pluri
399 1063 467 1106 us
494 981 797 1105 annaliffius
824 1040 841 1117 ‚'
878 1040 1230 1133 duorum-ea
1256 1061 1373 1104 con
1399 1043 1564 1106 ulum
1589 1065 1732 1129 pro-

192 1123 319 1208 pria
348 1123 593 1187 victoria
618 1124 700 1185 est
722 1121 1112 1185 :Volumnius
1138 1140 1198 1183 m
1228 1123 1462 1186 Samnio
1487 1125 1729 1190 interim

188 1223 289 1267 res
323 1205 478 1286 gerit
501 1249 521 1279 ,
557 1201 903 1266 Samnitium
949 1221 1024 1264 ue
1059 1201 1390 1265 exercitum
1431 1204 1491 1265 in
1531 1204 1728 1269 Tifer·
1811 1216 1818 1222 '

194 1304 345 1350 num
368 1301 633 1346 montem
658 1303 795 1344 com
838 1281 899 1344 ul
928 1303 1029 1344 um
1058 1326 1079 1357 ‚
1116 1297 1237 1345 no‘n
1267 1280 1586 1347 deterritus
1613 1285 1732 1355 ini-

172 1363 430 1446 'quitate
463 1362 585 1425 loci
605 1407 625 1437 ,
660 1360 768 1424 fun
812 1363 858 1423 it
896 1359 1204 1444 fugatque.
1247 1364 1332 1441 Q.
1367 1361 1574 1426 Fabius
1602 1367 1730 1426 De..

196 1444 377 1506 ciano
402 1441 669 1506 exercitu
697 1441 902 1505 relisto
924 1440 988 1503 in
1012 1441 1244 1504 Etruria
1267 1487 1287 1514 ‚
1327 1442 1445 1505 suis
1470 1443 1526 1505 le
1570 1443 1732 1508 ioni-

196 1521 313 1586 bus
350 1521 619 1585 deduEtis
648 1521 719 1584 ad
747 1522 955 1585 urbem
978 1566 998 1596 ‚
1026 1519 1101 1583 de
1139 1521 1328 1583 Gallis
1356 1525 1501 1586 Etru
1529 1525 1734 1607 cisque
1811 1601 1814 1605 ἵ
2089 1565 2126 1597 ,

194 1623 267 1668 ac
294 1601 657 1667 Samnitibus
684 1602 865 1666 trium
904 1600 1089 1664 havit.
1116 1601 1335 1664 milites
1366 1603 1739 1686 triumphari·
1837 1651 1841 1655 -

194 1701 322 1746 tem
350 1683 538 1746 secuti
564 1683 717 1744 sunt.
764 1685 855 1744 Ce
882 1681 1081 1744 ebrata
1105 1681 1429 1744 inconditis
1462 1684 1740 1747 carmini-

196 1762 315 1826 bus
354 1760 711 1824 militaribus
748 1782 869 1823 non
907 1760 1091 1843 magis
1128 1759 1378 1824 vietoria
1415 1764 1503 1842 Q.
1535 1762 1734 1840 Fabii,

199 1843 389 1928 quam
422 1860 581 1902 mors
614 1839 882 1924 praeclara
916 1845 985 1904 P.
1016 1838 1192 1901 Decii
1230 1841 1310 1903 est
1335 1863 1348 1902 ε
1377 1851 1409 1892 4
1445 1843 1738 1906 excitata-

200 1944 324 2006 que
356 1919 638 1984 memoria
668 1919 960 2013 parentis,
986 1937 1212 2003 aequata
1237 1938 1456 1986 eventu
1489 1924 1739 2007 publico

246 2005 562 2083 rivatoque
587 1998 689 2061 fili1
716 2000 1007 2064 laudibuS.
1044 2003 1198 2061 Data
1223 2021 1298 2063 ex
1321 2002 1509 2086 praeda
1536 2004 1742 2070 militi-

248 2102 320 2147 us
343 2127 367 2159 ,
390 2092 418 2136 5
445 2082 571 2145 aeris
598 2080 877 2164 oCtogeni
912 2078 1036 2143 bini
1054 2123 1076 2157 ‚
1112 2082 1360 2165 sagaque
1387 2086 1454 2147 δε
1480 2088 1696 2150 tunicae
1718 2119 1742 2164 ς

274 2276 301 2311 ῐ
346 2262 505 2311 Etiam
536 2276 645 2310 vero
661 2258 844 2323 stanti]
882 2264 941 2308 Ε·
1008 2272 1150 2323 praec.
1193 2258 1362 2308 dixerit
1399 2266 1550 2311 XXV.
1587 2262 1747 2313 millia

198 2327 327 2379 tiam
347 2325 381 2374 fi
397 2330 501 2391 quis
514 2325 598 2375 stet
612 2338 943 2383 vero,conten-
1007 2320 1214 2371 hostium
1245 2326 1362 2371 caesa
1385 2358 1402 2383 ,
1431 2326 1541 2375 οᾶο
1568 2344 1708 2392 capta
1728 2345 1750 2387 ς,

208 2406 283 2441 tus
308 2390 367 2440 fit
394 2406 455 2438 eo
484 2387 613 2455 quod
639 2403 802 2447 verum
823 2386 904 2435 est.
1011 2388 1061 2434 ac
1100 2401 1156 2435 ex
1191 2402 1234 2434 c.
1277 2392 1361 2433 '26.
1401 2390 1539 2453 supra
1579 2391 1751 2455 colligi

272 2470 299 2503 2
337 2454 617 2520 Superjecere
640 2452 829 2519 quidam
858 2467 945 2498 au·
1010 2448 1144 2514 poffit
1189 2454 1435 2500 Romanos
1481 2454 1604 2517 ipsos
1649 2470 1749 2507 non
1833 2480 1838 2483 ·

201 2519 351 2587 gendo
364 2515 539 2579 fidem]
565 2514 774 2573 Quidam
792 2514 949 2579 super-
1010 2516 1252 2583 pauciores
1276 2512 1409 2563 fuiffe
1435 2518 1753 2585 quadraginta

230 2598 361 2635 ecere
380 2579 521 2631 fidem
536 2614 555 2641 ,
579 2578 673 2627 five
696 2594 797 2627 rem
824 2578 949 2626 ultra
1012 2578 1266 2627 hominum
1303 2580 1536 2629 millibus.

202 2588 360 2697 {dem
389 2680 408 2707 ,
457 2646 585 2694 ultra
626 2643 773 2709 quam
804 2642 949 2709 'credi
1070 2658 1103 2702 4
1154 2645 1456 2713 Excitaeeaeque
1494 2648 1747 2714 memoria]

212 2711 351 2778 poffit
367 2744 385 2769 ,
408 2710 644 2773 protulere
648 2707 895 2773 augendo.
960 2751 969 2765 ,
1012 2710 1260 2757 Renovata
1287 2708 1352 2757 est
1385 2716 1618 2762 memoria
1657 2729 1749 2779 pa-

282 2790 304 2834 3
369 2773 579 2821 Peditum
637 2774 737 2823 XL.
797 2769 951 2819 millia
1013 2774 1126 2830 tris,
1144 2786 1288 2836 quam
1311 2770 1398 2821 filii
1417 2774 1576 2825 laudes
1593 2793 1751 2843 aequa-

212 2836 476 2889 CCCXXX.
498 2837 700 2903 equitum
717 2838 816 2886 VI.
839 2833 949 2882 mil·
1013 2850 1178 2884 verant
1224 2840 1273 2886 &
1311 2852 1480 2887 eventu
1517 2842 1712 2903 publico
1729 2868 1751 2901 5

212 2900 327 2964 lia]
360 2905 401 2950 A
428 2904 437 2913 '
477 2902 546 2949 uis
569 2903 619 2947 in
646 2900 720 2947 his
744 2901 953 2948 numetis
1015 2900 1243 2964 praeclara
1268 2916 1434 2967 nempe
1457 2905 1621 2967 populi
1643 2910 1751 2953 Ro-

215 2982 354 3019 error
400 2981 425 3013 e
465 2983 490 3013 e
534 2964 735 3013 videtur.
787 2966 956 3029 Neque
1018 2967 1148 3011 mani
1187 2967 1386 3015 viatoria
1429 2984 1444 3027 3
1491 2970 1541 3015 &
1583 2980 1758 3019 event·

214 3034 351 3081 enim
367 3030 475 3077 satis
491 3042 717 3105 apparet,
741 3042 825 3078 cur
844 3028 953 3087 hic,
1018 3030 1208 3093 privato
1243 3063 1261 3090 ,
1315 3030 1526 3096 gloriosa
1579 3031 1760 3083 scilicet

216 3090 959 3210 ἓὲἓῖτιῖἳῗάῗέιηοξέἒῗπῖ
1020 3106 1331 3215 ωἳηεζῶνίε
1377 3158 1577 3225 oblogeni
1627 3158 1726 3209 bins·
1737 3164 1762 3224 1

216 3230 303 3278 vio
329 3222 567 3277 videretur
595 3253 615 3283 ,
652 3234 801 3291 quum
832 3221 883 3273 ὃς
912 3234 958 3271 c·
1019 3221 1192 3291 supple
1223 3256 1245 3287 ,
1289 3230 1478 3276 summi
1529 3222 1766 3289 librales.

324 3295 481 3355 Tom.
510 3294 593 3353 Π.
1446 3289 1520 3371 Q
