2250 3850
185 324 200 330 ”
250 239 722 399 v.e·³⁷⁸.{s⁴i¹‹':um
755 315 1003 395 urbem,
1025 335 1157 402 quae
1187 316 1635 400 receptaculum
1669 315 1921 400 primum
1944 316 2037 400 eis

152 406 161 410 ’
247 384 357 429 ³⁹⁶·
375 397 483 438 ³⁷⁴·
499 397 750 466 adversae
776 413 984 480 pugnae
1009 393 1204 460 fuerat
1223 444 1243 473 ,
1266 397 1283 459 i
1330 398 1390 460 ni
1415 414 1897 460 concremarent:
1927 415 2042 460 nec

500 476 665 544 aliud
685 475 912 540 tedium
933 476 1060 559 ejus
1090 478 1260 562 super
1288 477 1382 540 uit
1404 478 1570 544 urbis
1586 522 1605 552 ,
1626 481 1855 559 (quum
1877 475 2046 539 faces
2120 485 2128 490 ’

501 555 722 644 pariter
776 555 948 620 sacris
999 555 1377 642 profanisque
1426 557 1739 635 injicerent
1770 558 1799 632 )
1862 555 2046 640 quim

501 636 710 706 matris
740 642 981 700 Matutae
1015 653 1137 700 tem
1178 637 1323 702 lum.
1360 635 1508 700 Inde
1542 657 1649 700 eos
1683 655 1795 698 nec
1823 636 1921 698 sua
1950 653 2046 698 te-

504 717 690 792 llio,
716 736 829 779 nec
863 733 1126 782 verecun
1171 719 1225 780 ia
1266 714 1444 786 ,deum
1491 713 1736 780 arcuiffe
1776 715 2000 779 dicitur
2019 760 2046 790 ‚

503 798 562 862 fe
642 817 764 861 vox
801 795 1100 860 horrenda
1136 797 1294 861 edita
1332 797 1557 881 templo
1599 817 1739 859 cum
1780 793 2047 858 tristibus

507 877 683 942 minis
701 925 720 953 ‚
751 876 811 937 ni
836 876 1123 941 nefandos
1158 878 1327 962 ignes
1352 877 1564 961 procul
1589 875 1851 961 delubris
1874 895 2043 938 amo*
2090 919 2095 921 -

511 956 742 1024 viffent.
797 960 1074 1021 Incensos
1110 959 1180 1022 ea
1218 957 1379 1020 rabie
1414 958 1674 1042 impetus
1718 952 2051 1019 Tusculum

514 1037 691 1112 tulit,
717 1034 799 1098 ob
823 1036 970 1100 iram
987 1048 1014 1116 ‚'
1035 1038 1208 1122 quod
1239 1037 1473 1101 deserto
1506 1034 1809 1099 communi
1846 1035 2052 1099 conci·
2141 1038 2147 1045 “

509 1119 596 1184 lio
637 1116 986 1181 Latinorum
1012 1164 1034 1195 ‚
1069 1138 1193 1182 non
1222 1116 1666 1182 in·societatem
1696 1113 1883 1187 ¹modi)
1924 1117 2047 1177 Ro·

507 1217 742 1264 manam
769 1243 789 1273 ‚
831 1196 931 1261 sed
968 1198 1149 1263 etiam
1195 1198 1279 1260 in·
1300 1196 1606 1263 civitatem
1644 1198 1701 1260 se
1742 1193 2048 1260 dedissent.

508 1276 862 1346 Parentibus
888 1280 1077 1363 portis
1105 1299 1297 1362 quum
1321 1275 1649 1360 improviso
1678 1273 2047 1350 incidissent,

509 1359 708 1444 primo
744 1356 1003 1422 clamore
1033 1357 1324 1442 oppidum
1356 1375 1565 1440 praeter
1584 1374 1781 1420 arcem
1808 1372 2052 1438 captum

515 1437 638 1502 cst:
664 1438 726 1498 in
750 1458 945 1500 arcem
971 1437 1252 1522 oppidani
1289 1437 1564 1518 refugere
1600 1440 1757 1498 cum'
1779 1433 2055 1517 conjugi·-

513 1519 632 1582 bus
663 1535 732 1578 ac
765 1516 967 1579 liberis
989 1563 1011 1592 ,
1039 1516 1408 1600 nuntiosque
1448 1518 1695 1578 Romam
1720 1562 1737 1588 ,
1776 1513 1884 1598 qui
1923 1534 2057 1578 cer·

517 1595 738 1661 tiorem
772 1594 847 1658 de
879 1597 998 1659 suo·
1019 1598 1158 1660 casu
1198 1597 1461 1660 senatum
1492 1593 1794 1669 facerent,
1822 1594 2055 1658 misere.

518 1675 703 1742 Haud
739 1673 1020 1759 segnius„
1061 1676 1244 1762 quam
1281 1673 1396 1739 fide
1424 1697 1513 1818 ¹po
1552 1674 1642 1738 uli
1673 1675 1925 1737 Romani
1961 1673 2054 1738 di·

520 1774 710 1839 gnum
759 1754 879 1822 fuit
914 1803 935 1833 ,
983 1755 1285 1832 exercitus
1325 1758 1420 1819 Tu
1448 1776 1523 1821 cu
1548 1777 1653 1820 um
1698 1752 1933 1820 duCkuS.
1986 1757 2059 1818 1..

523 1835 824 1913 Quintius
853 1882 876 1912 ,
917 1839 982 1900 δι
1019 1837 1260 1901 Servius
1296 1835 1596 1920 Sulpicius
1638 1833 1864 1898 tribuni
1901 1832 2058 1897 mili-

414 1984 432 2001 *
519 1919 655 1979 tum
678 1913 920 1979 duxere.
949 1927 971 1966 1
1001 1915 1226 1979 clausas
1250 1933 1451 1999 portas
1473 1913 1759 1989 Tusculi,
1792 1913 2058 1979 Latinos-

519 2015 642 2078 que
661 1994 833 2058 fimul
857 1993 1251 2059 obsidentium
1272 2013 1452 2089 atque
1477 1994 1833 2059 obsefforum
1858 1998 2061 2061 animo

517 2073 664 2137 hinc
694 2075 922 2137 moenia
944 2074 1189 2138 Tusculi
1214 2095 1371 2141 tueri
1398 2074 1639 2151 vident,
1669 2072 1836 2139 illinc
1858 2094 2059 2141 arcem

269 2168 500 2237 ornav-a.
523 2171 867 2239 oppugnare
901 2182 923 2231 3
961 2174 1183 2219 terrere
1217 2155 1336 2235 und
1367 2175 1436 2219 ac
1470 2175 1709 2238 pavere..
1738 2154 2059 2219 Adventus

268 2242 337 2330 ζ’
365 2236 924 2299 ”ut-Romanorum
971 2253 1302 2300 mutaverat
1349 2235 1660 2319 utriusque
1705 2234 1883 2319 partis
1932 2234 2057 2299 ani-

313 2297 372 2339 nn.
520 2336 653 2381 mos
677 2313 1082 2380 :Tusculanos
1115 2336 1190 2379 ex
1222 2315 1449 2400 ingenti
1481 2332 1647 2379 metu
1678 2313 1743 2377 in
1772 2315 2057 2379 summam

520 2395 886 2461 alacritatem
927 2429 944 2470 ³
995 2395 1240 2461 Latinos
1278 2418 1353 2461 ex
1397 2417 1580 2493 prope
1630 2411 1791 2459 certa
1837 2393 2055 2459 fiducia

521 2497 666 2544 mox
691 2474 985 2560 capiendae
1009 2478 1161 2541 arcis
1177 2524 1199 2555 ‚
1226 2488 1512 2563 q'uomam
1534 2475 1757 2561 oppido
1783 2474 2046 2557 potiren-

523 2575 627 2619 tur
649 2603 672 2633 ,
705 2556 768 2619 in
793 2557 1068 2640 exiguam
1097 2556 1172 2621 de
1196 2559 1250 2623 se
1273 2556 1405 2643 ipfis
1427 2558 1463 2618 s
1490 2578 1587 2619 em
1611 2569 1890 2644 verterat..
1914 2550 2057 2615 Tol·

519 2635 670 2703 litut
705 2656 780 2701 ex
811 2657 946 2700 arce
984 2636 1207 2700 clamor
1241 2638 1319 2701 ab
1352 2640 1447 2705 Tu
1472 2634 1731 2701 culanis:
1758 2631 2065 2713 excipitur

521 2716 831 2799 aliquanto
866 2716 1089 2801 majore
1115 2716 1189 2779 ab
1213 2718 1481 2781 exercitu
1506 2718 1792 2780 Romano.
1822 2712 2057 2775 Utrim-

521 2816 642 2879 que
669 2814 963 2879 ,urgentur
1001 2796 1230 2860 Latini:
1257 2818 1368 2863 nec
1398 2797 1655 2881 impetus
1690 2791 2060 2857 Tusculano-

522 2897 658 2939 rum
682 2875 1127 2941 decurrentium
1152 2898 1230 2941 ex
1252 2878 1551 2962 superiore
1576 2875 1715 2939 loco
1741 2871 2073 2950 sustinent·;‚

516 2975 633 3023 nec
667 2958 958 3021 Romanos
985 2955 1305 3025 subeuntes
1332 2957 1557 3023 moenia
1573 3002 1599 3033 ,
1624 2950 2061 3039 molientesque

259 929 266 936 Ι
273 962 489 1019 Tusculum

261 1022 292 1068 δ
321 1023 493 1068 Latinis

259 1090 439 1136 uptam.

509 3150 845 3282 Ychugwſss
873 3165 1033 3223 [⁸⁰²¹ss
1068 3150 1285 3221 Tssssssh']
1332 3150 1427 3205 Hic
1460 3152 1811 3228 &penaunce
1852 3147 1917 3201 est
1956 3160 2063 3201 vot
