2250 3850
480 188 644 288 ‘376
979 126 1584 268 T.L1v11

234 300 462 358 mmm.
486 307 614 351 erat
636 335 657 362 ‚
688 285 973 373 appellata
1004 289 1105 352 est.
1147 291 1255 351 His
1285 309 1443 352 arma
1481 286 1720 372 infignia
1753 286 1888 351 data
1907 331 1933 363 s
1955 285 2031 350 δὲ

234 361 341 408 ⁸·0·
360 375 467 418 ²9³·
488 367 729 431 cristatae
776 367 952 452 galeae
994 415 1013 444 ,
1068 387 1140 432 ut
1183 369 1338 431 inter
1385 387 1620 432 ceteros
1663 369 2032 432 eminerent.

487 447 679 512 Paulo
708 447 837 532 plus
863 448 1352 532 viginti.millium
1374 449 1521 513 alius
1545 449 1842 512 exercitus
1866 445 2030 520 fuit,

488 548 601 591 nec
633 533 967 611 corporum
1012 528 1240 611 spe'cie,
1277 550 1387 592 nec
1431 529 1622 612 gloria
1667 527 1809 591 belli
1839 573 1862 602 ,
1904 545 2030 588 nec

486 625 771 692 apparatu
788 607 1050 671 -linteatae
1084 607 1309 690 legioni
1337 609 1544 693 dispar.
1572 608 1674 671 hic
1705 608 2032 670 hominum

488 709 771 830 nansi-eiius
795 735 815 765 ,
845 687 1013 773 quod
1050 687 1284 754 ‘roboris
1323 687 1594 766 erat‚.ad
1634 686 2031 772 Aquiloniam

488 789 604 832 con
632 789 664 830 e
708 785 773 830 rt.

250 857 467 904 samnium
568 852 825 910 XXXIX.
879 847 1178 911 Consules
1221 847 1474 932 profeffi
1514 848 1586 912 ab
1627 848 1798 912 urbe.
1845 844 2029 910 Prior

234 913 407 963 valiant

234 971 340 1030 απ.

488 933 589 1010 Sp.
623 925 921 992 carvilius
942 975 964 1002 ‚
999 928 1097 991 cui
1135 947 1368 992 veteres
1400 929 1663 1022 legiones
1685 975 1707 1004 ‚
1749 946 1898 1011 quas
1931 932 2026 988 M.

488 1007 713 1070 Atilius
738 1007 1055 1090 superioris
1082 1010 1218 1070 anni
1245 1008 1449 1072 consul
1473 1030 1536 1073 m
1561 1029 1702 1094 agro
1734 1013 2026 1070 Interam-

482 1088 610 1152 nati
662 1087 983 1170 reliquerat
1008 1134 1028 1162 ‚
1074 1089 1327 1151 decretae
1377 1105 1544 1152 erant
1573 1136 1596 1166 ‚
1635 1109 1776 1152 cum
1823 1086 1910 1150 eis
1954 1085 2024 1150 in

485 1167 786 1229 Samnium
858 1165 1160 1242 refectus,
1181 1167 1324 1231 dum
1359 1166 1556 1230 hostes
1595 1179 1617 1212 ¹
1653 1167 1882 1253 operati
1913 1166 2022 1228 su·-

444 1265 446 1267 ’
483 1246 809 1330 perstitioni
856 1267 924 1309 us
955 1245 1208 1310 concilia
1231 1249 1468 1314 ,secreta
1500 1265 1725 1332 agunt,
1753 1247 2026 1310 Amiter-

482 1348 631 1391 num
668 1325 957 1421 oppidum
994 1327 1068 1390 de
1108 1328 1470 1394 Samnitibus
1513 1330 1575 1394 vi
1622 1327 1804 1412 cepit.
1849 1326 2021 1388 Caesa

479 1407 569 1470 ibi
617 1409 797 1472 millia
844 1406 1154 1472 hominum
1197 1409 1323 1472 duo
1365 1407 1551 1472 ferme
1595 1427 1774 1492 atque
1819 1405 2024 1468 ostin-

478 1488 688 1570 genti:
716 1505 887 1572 capta
919 1505 1176 1572 quatuor
1205 1488 1386 1551 millia
1411 1487 1655 1552 ducenti
1681 1485 2019 1571 septuagin-

483 1583 563 1629 ta.
591 1568 857 1654 Papirius
881 1587 1042 1633 novo
1061 1569 1328 1647 exercitu
1353 1567 1482 1648 (ita
1505 1569 1813 1634 decretum
1837 1566 2018 1644 erat)

482 1647 706 1733 scripto
729 1696 750 1724 ,
786 1649 1119 1711 Duroniam
1153 1648 1362 1712 urbem
1393 1649 1786 1733 expugnavit:
1813 1645 2019 1708 minus

479 1729 671 1810 quam
706 1728 933 1810 collega
972 1729 1132 1812 ‘cepit
1174 1727 1484 1792 hominum
1503 1776 1524 1804 ,
1545 1727 2021 1812 plus-aliquanto

479 1809 731 1872 occidit.
777 1810 963 1891 praeda
1010 1807 1290 1892 opulenta
1340 1809 1662 1893 utrobique
1705 1808 1788 1872 est
1829 1823 2024 1890 parta.

480 1887 629 1953 Inde
694 1889 953 1971 ervagati
974 1888 1277 1953 Samnium
1299 1889 1566 1953 consules
1589 1935 1611 1967 ,
1632 1885 1884 1953 maxime
1907 1885 2018 1951 de-

482 1990 643 2052 popu
670 1986 769 2031 ato
817 1968 1054 2031 Atinate
1098 1987 1244 2051 agro
1277 1996 1298 2045 3
1345 1969 1646 2033 Carvilius
1672 1969 1760 2035 ,ad
1799 1966 2020 2031 Comi-

480 2048 647 2111 nium
677 2093 698 2121 ,
744 2046 1010 2138 Papirius
1052 2048 1127 2110 ad
1173 2048 1560 2131 Aquiloniam
1599 2050 1754 2125 (ubi
1795 2050 2023 2113 summa

478 2126 569 2189 rei
604 2125 953 2189 Samnitium
982 2128 1158 2204 erat)
1193 2130 1486 2211 pervenit.
1520 2142 1549 2173 ²
1591 2130 1688 2193 Ibi
1725 2129 2020 2211 aliquam·

426 2270 437 2283 ‚
477 2204 584 2270 diu
622 2226 733 2269 nec
771 2204 1049 2267 cessatum
1083 2206 1160 2270 ab
1199 2208 1374 2271 armis
1401 2208 1482 2271 est
1501 2254 1522 2284 ,
1553 2230 1750 2295 neque
1783 2208 2018 2272 naviter

476 2308 558 2369 pu
604 2284 805 2349 natum
845 2307 862 2348 ι
900 2284 1230 2349 laceffendo
1283 2289 1524 2373 quietos
1551 2334 1572 2364 ,
1621 2288 2020 2355 refistentibus

476 2304 789 2445 ceffendffi
817 2366 1195 2433 comminand
1281 2390 1356 2434 ue
1390 2369 1572 2453 magis
1597 2416 1616 2445 ,
1650 2374 1829 2454 quam
1857 2366 2020 2433 infe-

474 2446 667 2539 rendo
687 2464 978 2531 pugnam,
1002 2448 1135 2511 dies
1154 2448 1225 2511 ab
1255 2450 1566 2516 umebatur
1591 2472 1607 2514 ε,
1633 2448 2020 2531 quodquam

466 2528 837 2609 inciperetur
860 2573 881 2601 ,
905 2529 1453 2611 .remittereturque
1473 2575 1492 2602 ‚
1525 2528 1788 2590 omnium
1809 2545 2022 2595 rerum

475 2606 656 2670 etiam
690 2628 1001 2689 parvarum
1037 2626 1290 2677 eventus
1319 2604 1725 2690 proferebatur
1761 2604 1824 2667 in
1857 2604 2018 2675 dies.

472 2684 680 2749 Altera
730 2690 988 2755 Romana
1036 2686 1213 2827 αξη
1256 2684 1480 2767 vigi-nti-
1517 2684 1770 2751 minium
1821 2686 2016 2773 spatio

474 2765 757 2827 aberant:
794 2770 858 2829 δε
896 2764 1099 2834 absent
1149 2818 1151 2820 .
1181 2762 1419 2847 collegae
1455 2764 1692 2829 consilia
1724 2768 2016 2831 omnibus

475 2845 748 2928 gerendis
786 2846 1107 2907 intererant
1146 2842 1320 2905 rebus
1354 2872 1380 2920 3-
1411 2844 1820 2929 intentiorque
1855 2848 2008 2911 Car-

472 2925 653 2991 vilius
673 2974 695 3004 ‚
719 2946 843 3009 quo
877 2924 1093 3003 majore
1129 2921 1462 2988 discrimine
1501 2946 1596 2989 res
1628 2926 2014 3005 vertebatur,

541 3068 561 3101 x
600 3054 819 3121 operati]
858 3036 971 3106 vidss
1006 3062 1113 3124 not·
1158 3066 1201 3101 ι.
1271 3056 1372 3105 rior
1404 3071 1698 3135 memoratus
1727 3056 1819 3123 est,
1837 3072 2016 3123 nempe

469 3118 535 3169 nd
553 3125 595 3167 1.
617 3133 693 3177 31.
786 3176 794 3183 ς
1271 3120 1338 3175 ad
1357 3120 1696 3191 Aquiloniam.

418 3192 425 3196 ·
535 3197 566 3233 a
591 3182 670 3237 lbi
685 3189 712 3248 1
730 3184 797 3235 Eo
816 3181 931 3235 loco
948 3178 1213 3251 qukposteae

2236 225 2238 274 „v—
2223 125 2239 212 m
2236 99 2239 108 -

2236 1009 2238 1016 .
2219 769 2239 958 ι-,μι-
2220 681 2239 762 1.-
