2250 3850
450 205 501 274 '2
561 205 613 274 2'
903 195 1027 272 ³T.
1135 193 1210 271 L
1264 221 1296 271 1
1351 219 1404 272 v
1459 221 1492 272 1
1549 219 1582 270 1
1681 279 1694 283 ,
1857 265 1870 276 .

196 298 523 370 1.ο.44ο.ί”ιι
546 315 611 358 es
656 291 957 382 Sulpicius
1002 295 1064 360 in
1107 295 1363 370 dextro,
1399 293 1699 360 Poetelius
1743 295 1806 359 in
1843 295 1999 382 laeve

200 372 428 428 ³33¹&
452 374 1020 456 cornu'confistunt.
1058 379 1286 440 Dextra
1326 397 1459 460 pars
1489 423 1510 451 ‚
1557 375 1678 460 quai
1723 379 1789 439 δε
1827 381 1996 443 Sam-

450 457 614 522 nites
641 457 785 520 raris
809 455 1115 521 ordinibus
1134 503 1154 531 ,
1175 474 1278 519 aut
1300 456 1374 518 ad
1397 455 1854 520 circumeundos
1877 458 1995 522 ho-

456 537 572 604 stes
602 583 620 613 ,
653 554 753 600 aut
782 557 858 599 ne
893 535 992 619 ipfi
1030 537 1526 613 circumirentur,
1561 538 1945 601 constiterant
1967 573 1999 615 -,

454 615 641 684 latius
694 614 980 701 patefacta
1030 616 1207 680 stetit.
1257 617 1513 681 Sinistris
1539 662 1560 693 ‚
1602 637 1997 702 praeterquam

510 697 636 762 uod
662 697 1053 760 confertiores
1076 698 1385 774 steterant,
1414 700 1726 784 repentino
1753 697 2002 762 confilio

456 721 717 842 {oetelii
750 778 1007 840 consulis
1042 777 1252 841 additae
1285 779 1477 840 vires:
1500 778 1603 862 qui
1639 777 2002 841 subfidiarias

458 858 751 922 cohortes
775 903 798 933 ‚
832 879 963 940 quae
987 859 1231 950 integrat
1258 857 1331 920 ad
1349 858 1640 941 {ongioris
1663 876 1872 943 pugnat
1897 879 2004 921 ca-

464 939 582 1004 sus.
601 937 1080 1013 reservabantur,
1107 958 1168 1000 m
1197 937 1443 1022 primam
1477 939 1663 1002 aciem
1699 938 2005 1021 extemplo

466 1017 659 1082 emifit
686 1042 700 1076 ε
727 1017 1124 1102 univerfisque
1163 1017 1389 1082 hostem
1462 1017 1613 1079 rimo
1649 1016 1876 1103 impetu
1905 1019 2004 1082 vi-

468 1097 638 1162 ribus
665 1095 924 1181 impulit.
964 1096 1288 1160 Commotfi
1329 1119 1402 1182 pe
1446 1097 1580 1160 estri
1613 1099 1740 1160 acie
1769 1098 2008 1162 Samni-

464 1177 623 1240 tium
642 1221 662 1252 ,
686 1196 873 1260 eques
892 1176 953 1239 in
970 1195 1231 1272 pugnam
1248 1175 1530 1244 succedit.
1553 1177 1614 1240 in
1635 1177 1799 1241 hunc
1822 1181 2006 1241 transs·

388 1293 407 1302 =
461 1257 641 1323 verso
688 1258 921 1339 agmine
965 1275 1121 1321 mter
1160 1258 1306 1320 duas
1344 1258 1500 1321 acies
1541 1259 1597 1320 se
1648 1255 2009 1324 inferentem

464 1337 776 1404 Romanus
814 1336 1118 1422 equitatus
1151 1336 1414 1402 concitat
1446 1357 1636 1422 equos
1663 1384 1683 1414 ,
1723 1337 1766 1400 fi
1809 1337 1880 1402 na
1928 1360 2012 1406 ue

470 1420 538 1484 fic
569 1417 809 1481 ordines
840 1417 1110 1502 peditum
1143 1435 1322 1502 atque
1349 1417 1621 1502 equitum
1647 1357 1876 1482 conffun
1920 1420 2013 1497 it,

470 1497 669 1562 donec
695 1498 1023 1562 universam
1052 1497 1124 1560 ab
1155 1518 1222 1560 ea
1250 1515 1413 1581 parte
1441 1497 1656 1561 avertit
1687 1499 1893 1562 aciem.
1933 1504 2012 1562 In

473 1597 554 1642 eo
588 1598 779 1642 cornu
822 1597 944 1641 non
984 1577 1281 1641 Poetelius
1319 1577 1476 1641 solus
1507 1625 1530 1654 ,
1573 1577 1670 1640 sed
1709 1579 2016 1664 Sulpicius

474 1660 659 1723 etiam
686 1658 961 1722 hortator
993 1655 1242 1722 affuerat
1267 1680 1287 1734 ;
1314 1657 1554 1725 avestus
1585 1659 1659 1721 ab
1693 1659 1816 1722 suis
1854 1680 2015 1723 non-

474 1739 625 1804 dum
663 1738 1113 1805 conserentibus
1149 1759 1356 1803 manus
1391 1786 1416 1816 ,
1465 1738 1539 1804 ad
1578 1738 1894 1804 clamorem
1932 1739 2014 1803 ab

474 1818 695 1887 finisti-a
782 1837 906 1883 arte
950 1818 1113 1905 prius
1155 1837 1452 1884 exortum.
1491 1819 1648 1884 unde
1689 1817 1849 1884 haud
1888 1819 2014 1884 du·-

476 1900 639 1966 biam
661 1899 723 1965 vi
785 1898 969 1964 oriam
991 1919 1241 1963 cernens
1262 1944 1281 1976 ,
1318 1920 1508 1985 quum
1533 1901 1606 1966 ad
1631 1901 1799 1965 suum
1820 1920 2015 1967 cornu

472 1980 755 2049 ,tenderet
783 2002 923 2049 cum
963 1978 1127 2050 mille
1158 1978 1433 2045 ducentis
1466 1980 1610 2047 viris
1631 2029 1651 2058 ‚
1688 1980 2019 2049 diffimilem

378 2094 385 2101 ·
480 2062 570 2127 ibi
609 2060 911 2125 fortunam
947 2062 1182 2127 invenit
1216 2088 1233 2127 t
1267 2066 1562 2129 Romanos
1593 2064 1734 2126 loco
1772 2064 1973 2150 pulsos
1993 2108 2021 2141 ,

481 2141 773 2209 victorem
797 2140 1025 2206 hostem
1054 2142 1210 2226 signa
1235 2143 1297 2207 in
1319 2141 1618 2229 perculsos
1644 2142 2024 2210 inferentem.

480 2220 776 2285 Ceterum
817 2222 1017 2286 omnia
1052 2225 1308 2288 mutavit
1344 2222 1586 2309 repente
1618 2224 1880 2288 consulis
1911 2222 2024 2287 ad·-

483 2320 723 2369 ventus.
751 2324 885 2367 nam
916 2306 983 2369 δε
1010 2304 1329 2391 conspectu
1365 2304 1537 2371 ducis
1571 2302 1830 2373 refectus
1866 2303 2030 2369 mili·

487 2402 621 2449 tum
661 2383 745 2448 est
790 2384 1018 2449 animus
1045 2388 1144 2450 z&
1183 2387 1367 2449 ma'us
1407 2386 1591 2470 quim
1623 2406 1733 2470 pro
1771 2404 2030 2447 numero

489 2463 785 2550 auxilium
812 2475 835 2518 ³
864 2465 1184 2531 advenerat
1201 2512 1224 2541 ,
1279 2483 1439 2528 ortes
1463 2465 1612 2529 viri:
1640 2467 1702 2552 ὃς
1725 2464 1906 2543 partis
1930 2464 2028 2525 al-

490 2544 677 2609 terius
720 2543 970 2609 victoria
1013 2544 1248 2617 audita,
1283 2562 1423 2605 mox
1465 2543 1584 2607 visa
1621 2555 1840 2612 etiam,
1875 2560 2027 2623 prae-

290 2625 471 2697 ’ἔνιψ’
493 2624 644 2689 lium
674 2624 954 2691 restituit.
1002 2623 1153 2687 Tota
1197 2620 1410 2685 deinde
1451 2619 1564 2695 iam
1598 2618 1842 2681 vincere
1890 2622 2026 2687 acie

232 2684 434 2743 mm·
494 2708 795 2769 Romanus
816 2751 836 2781 ,
873 2709 939 2768 δε
966 2698 1168 2766 omifl'o
1200 2698 1521 2763 certamine
1540 2745 1561 2774 ‚
1590 2696 1736 2761 caedi
1764 2701 2027 2785 capique

491 2784 787 2851 Samnites
804 2831 825 2859 ‚
864 2780 966 2844 nifi
992 2782 1099 2865 qui
1128 2779 1530 2842 Maleventum
1555 2826 1576 2855 ,
1602 2776 1703 2840 cui
1731 2798 1894 2842 nunc
1925 2801 2028 2843 ur-

491 2866 556 2928 bi
597 2872 1001 2940 Beneventum
1042 2878 1261 2923 nomen
1300 2858 1382 2922 est
1406 2906 1429 2935 ,
1465 2858 1878 2953 perfugerant.
1923 2858 2027 2922 Ad

380 2944 389 2951 ’
490 2942 735 3029 triginta
756 2938 1107 3032 ,millia-caesa
1140 2956 1243 3007 aut
1267 2958 1441 3025 capta
1465 2940 1862 3017 Samnitium,
1885 2960 2028 3025 pro-¹

470 3023 689 3099 ,ditum
722 3040 1020 3087 memonae
1049 3020 1154 3085 est.
1777 3028 1786 3036 ’

564 3148 585 3191 3
606 3132 919 3193 Advenerat]
945 3130 1103 3195 Magis
1118 3129 1228 3196 pla-
1297 3134 1386 3181 111.
1418 3146 1462 3190 5.
1498 3131 1655 3181 Serum
1675 3108 1920 3181 ἱ,ιιινίἔίιυη-
1939 3121 2040 3201 pfl

493 3208 621 3248 :etet
650 3196 951 3251 advenerant.
986 3196 1061 3249 Sic
1091 3194 1232 3264 supr&
1288 3195 1500 3267 pralium
1531 3206 1771 3250 venerant.
