2250 3850
488 221 649 298 330
974 199 1070 274 T.
1179 201 1252 276 L
1307 225 1338 274 1
1393 223 1468 276 v·
1507 225 1538 274 1
1590 223 1622 276 ι

235 311 464 368 uma.
490 297 771 360 Faliscum
810 316 843 360 a
961 320 1021 362 m
1055 301 1250 385 copiis
1290 299 1552 371 reductis
1573 345 1595 376 ‚
1623 317 1805 382 quum
1837 295 2022 381 impe»

236 370 341 419 ²·c·
358 369 467 424 ²9⁸·
495 376 763 442 dimenta
794 385 867 442 Fa
889 380 1026 443 eriis
1055 403 1198 446 cum
1220 379 1462 446 modico
1483 379 1740 465 praefidio
1763 378 2022 472 reliquis-

496 459 587 521 set
602 505 623 534 ,
642 459 925 544 expedito
950 463 1182 546 agmine
1207 463 1280 526 ad
1303 461 1750 547 depopulandos
1774 459 2024 522 hostium

498 537 649 603 fines
686 541 930 605 incedit.
966 543 1192 608 Omnia
1225 541 1390 606 ferro
1423 542 1442 603 i
1487 542 1670 627 nique
1703 540 2026 614 vastantur,-

498 618 704 762 ssraedae
738 622 1005 706 undique
1044 625 1182 688 aeta
1201 645 1222 688 ε
1243 644 1354 686 nec
1386 625 1448 686 so
1475 644 1576 685 um
1605 621 1789 688 modo
1815 619 2034 684 vastum

548 699 655 764 osti
690 701 959 768 relietum
978 751 996 779 ,
1036 704 1138 768 sed
1177 703 1426 768 castellis
1455 704 1634 768 etiam
1669 702 1933 786 vicisque
1959 698 2028 763 il-

501 779 659 844 latus
686 782 875 866 ignis:
905 785 1154 848 urbibus
1180 782 1591 870 oppugnandis
1618 799 2030 870 temperatum³

293 927 299 932 ,
504 860 569 924 in
594 883 742 946 quas
770 865 948 927 timor
970 868 1248 929 Etruscos
1274 863 1670 948 compulerat.
1709 871 1826 928 Cn.
1855 860 2032 924 Fulvii

268 943 477 1018 {tv-3⁸1⁸
508 942 765 1006 consulis
805 943 961 1008 clara
1000 968 1077 1030 pu
1124 967 1199 1010 na
1231 946 1294 1008 in
1332 945 1572 1008 Samnio
1607 943 1682 1006 ad
1715 942 2035 1007 Bovianum

241 1007 371 1057 Μ’·
507 1021 968 1108 haudquaquam
1013 1049 1105 1088 am
1153 1028 1302 1110 iguae
1343 1025 1604 1088 vistoriae
1639 1023 1776 1088 fuit.
1824 1021 2034 1086 Bovia-

506 1122 653 1168 num
680 1102 816 1166 inde
854 1103 1186 1188 aggressus»,
1231 1125 1341 1168 nec
1377 1105 1460 1168 ita
1485 1103 1680 1168 multo
1703 1102 1838 1186 post
1877 1101 2036 1164 Aufi-

507 1182 721 1247 denam
740 1230 761 1259 ,
788 1185 849 1249 vi
874 1187 1054 1268 cepit.
1092 1185 1318 1250 Eodem
1346 1206 1500 1248 anno
1539 1196 1564 1227 ¹
1597 1183 1916 1248 Carseolos
1939 1203 2037 1244 co-

504 1261 664 1326 lonia
690 1263 754 1328 in
779 1283 987 1348 agrum
1018 1265 1463 1351 AEquicolarum
1487 1263 1762 1328 deducta.
1807 1262 2040 1329 Fulvius

502 1343 716 1408 consul
743 1344 817 1408 de
846 1347 1210 1411 Samnitibus
1237 1345 1650 1430 triumphavit.

584 1427 753 1489 XIII.
806 1431 1020 1506 Quum
1067 1427 1314 1492 comitia
1357 1423 1682 1491 consularia
1722 1423 2042 1497 instarent.

502 1502 663 1569 fama
707 1525 914 1571 exorta
936 1554 958 1583 ‚
999 1509 1280 1572 Etruscos
1326 1505 1731 1588 Samnitesque
1769 1506 2042 1589 ingentes

505 1586 882 1650 conscribere
924 1588 1224 1652 exercitus
1249 1615 1268 1662 ς
1297 1584 1487 1670 palam
1529 1585 1804 1648 omnibus
1851 1581 2042 1648 conci·

505 1663 604 1728 liis
648 1667 852 1730 vexati
892 1667 1191 1753 principes
1239 1667 1665 1742 Etruscorum,
1706 1664 1884 1747 quod
1929 1682 2043 1727 non

508 1743 719 1810 Gallos
743 1768 1125 1833 quacumque
1139 1746 1502 1812 ‘conditione
1521 1746 1805 1810 traxerint
1825 1747 1910 1810 ad
1929 1742 2046 1808 bel·

505 1823 681 1902 lum3
713 1827 1003 1912 increpari
1034 1827 1404 1910 magistratus
1439 1826 1790 1891 Samnitium
1815 1871 1840 1902 ,
1881 1821 2047 1910 quod

506 1904 840 1972 exercitum
880 1905 1162 1974 adversus
1199 1913 1504 1973 Lucanum
1544 1906 1774 1972 hostem
1803 1927 2046 1992 eompa-

504 2000 701 2051 ratum
744 1988 1076 2068 objecerint
1114 1990 1433 2053 Romanisz
1459 1990 1542 2053 ita
1589 2010 1668 2053 ue
1705 1988 1823 2051 suis
1863 1988 2048 2053 socio-

506 2086 765 2149 rumque
793 2068 1025 2133 viribus
1061 2071 1277 2133 consur
1319 2090 1419 2134 ere
1450 2012 1648 2133 helles
1676 2068 1752 2133 ad
1785 2068 2048 2143 bellum,

508 2148 573 2209 &
608 2143 1070 2235 haudquaquam
1106 2151 1234 2235 pari
1311 2148 1454 2214 efun
1500 2150 1722 2213 endum
1757 2148 1872 2214 effe
1913 2170 2050 2213 cer-

510 2225 751 2293 tamine.
785 2230 902 2294 Hic
926 2248 1159 2309 terror,
1187 2253 1374 2319 quum
1403 2230 1422 2291 i
1472 2230 1655 2295 ustres
1684 2231 1804 2295 viri
1833 2232 2050 2295 consu-

231 2377 236 2383 ,
288 2316 489 2389 ,agra-
513 2306 699 2373 latum
741 2329 1055 2394 peterent,
1098 2334 1307 2377 omnes
1350 2311 1414 2376 in
1528 2360 1544 2375 .
1579 2310 1823 2375 Fabium
1865 2309 2056 2374 Maxi-

254 2373 344 2477 }22'
358 2390 493 2487 {2⁸52}
516 2410 681 2454 mum
703 2435 722 2462 ,
746 2392 947 2475 primo
976 2414 1105 2457 non
1132 2411 1472 2481 petentem,
1540 2392 1712 2457 einde
1727 2440 1750 2469 ,
1773 2409 1846 2456 ut
1880 2390 2058 2455 incli-

255 2500 433 2545 num,
517 2478 653 2535 nata
686 2470 872 2536 studia
912 2474 1104 2547 vidit,
1139 2476 1318 2539 etiam
1363 2475 1728 2538 recusantem
1752 2516 1770 2544 ,
1800 2491 2058 2534 conver-
2103 2482 2109 2489 ’

516 2551 592 2614 tit
616 2572 632 2614 ε
654 2556 813 2633 Quid
832 2558 899 2636 se
919 2564 1045 2631 jam
1066 2558 1256 2635 senem
1291 2578 1357 2615 ac
1383 2554 1730 2651 perflandum
1766 2548 2058 2612 laboribus

510 2632 868 2719 laborumque
896 2636 1157 2719 praemt‘r‘s
1174 2678 1195 2705 ,
1211 2633 1586 2713 Jbllicnarent
1625 2631 1658 2688 ἒ
1700 2637 1817 2690 Nec
1866 2648 2060 2715 corpo·

508 2716 631 2784 ris,
663 2736 760 2777 nec
801 2717 985 2778 animi
1024 2717 1274 2795 vigorem
1307 2732 1583 2774 remanere
1623 2711 1868 2773 eumdem
1908 2738 1930 2774 .·
1973 2712 2052 2779 ὁ·

497 2796 785 2877 sbrmriam
814 2798 985 2877 tysiam
1008 2796 1238 2865 vereri,
1280 2814 1347 2854 ne
1375 2792 1468 2853 cui
1491 2794 1712 2854 deorum
1735 2793 1914 2855 nimia
1925 2799 2056 2866 jam

510 2877 575 2939 in
589 2877 657 2957 ft
672 2919 695 2951 ,
726 2876 797 2944 dr
830 2876 1156 2953 constantior
1169 2916 1196 2947 ,
1219 2872 1388 2957 quam
1424 2872 1610 2938 velim
1643 2876 1890 2937 humana
1921 2894 2044 2946 res,

582 3099 605 3133 ι
654 3081 973 3198 can-Leda...-
1014 3082 1065 3133 in
1098 3100 1258 3151 agrum
1319 3086 1454 3135 serva
1485 3084 1671 3151 insuper
1699 3099 1756 3134 α
1781 3100 1825 3135 c.
1853 3100 1898 3145 3.
1927 3084 2049 3133 hanc

520 3152 731 3217 uaequico
780 3156 911 3226 rufa]
936 3146 1047 3198 vid.
1068 3165 1176 3199 not.
1209 3166 1256 3198 2.
1321 3152 1567 3201 coloniam
1599 3165 1722 3199 nunc
1751 3148 1906 3229 potius
1942 3151 2048 3217 sup-

519 3212 582 3263 ad
610 3228 653 3263 c.
681 3228 725 3263 ι.
757 3214 895 3281 lamus
916 3214 1032 3267 libri
1053 3234 1067 3265 ι
1091 3218 1142 3269 δι
1165 3216 1258 3273 ob·
1323 3216 1479 3284 pleri,
1503 3214 1652 3287 quam
1673 3214 1854 3267 deduci.
