2250 3850
694 211 756 290 L
804 236 832 290 ι
879 237 924 292 n
976 233 1026 291 n
1072 234 1123 292 n
1207 214 1298 292 X.
1610 224 1762 322 381

224 309 433 374 demes
456 309 635 374 mulis
662 313 898 376 calones
925 312 1238 377 frondosos
1270 321 1467 378 ramos
1496 337 1600 404 per
1640 339 1762 385 tet·
1785 349 2020 406 u.e.4<‚2

225 407 350 450 ram
387 390 696 455 trahebant
734 415 751 455 z
794 415 952 456 arma
986 394 1275 477 ‚signaque
1315 416 1418 477 per
1468 401 1762 466 turbidam
1780 409 2014 465 a.c.2,;,

221 466 421 532 lucem
459 473 521 533 in
552 474 745 556 primo
780 475 1133 558 apparebant
1173 496 1188 536 z
1231 474 1362 556 post
1403 475 1578 541 altior
1616 481 1765 544 den·

222 545 457 632 fiorque
524 553 678 616 ulvis
705 554 978 636 equitum
1007 554 1260 636 speciem
1293 559 1638 646 cogentium
1665 579 1766 645 ag-

224 647 363 690 men
402 630 473 692 da
510 651 596 694 at.
641 633 989 716 Fefellitque
1035 654 1156 696 non
1197 640 1486 697 Samnites
1531 639 1714 703 modo
1739 690 1764 720 ,

222 707 325 770 sed
350 709 529 772 etiam
556 715 847 775 Romanos
872 735 888 774 ι
913 717 975 775 &
1003 711 1208 775 consul
1249 715 1560 779 affirmavit
1597 740 1765 783 erro-

220 808 389 863 tem,
424 791 735 859 clamitans
766 793 920 854 inter
953 793 1136 875 prima
1168 791 1320 874 figna
1345 840 1366 869 ,
1404 794 1488 857 ita
1528 815 1597 859 ut
1638 821 1762 866 vox

220 867 401 930 etiam
435 870 509 933 ad
534 871 727 936 hostes
752 872 1049 935 accideret
1071 918 1093 948 ‚
1143 890 1362 955 captum
1401 881 1712 942 Cominium
1731 903 1764 958 ,-

218 950 491 1011 ω’ἑῖονεηι
528 952 795 1034 collegam
842 953 1007 1034 adeffe
1053 976 1073 1010 .-
1114 957 1492 1017 anniterentur
1533 961 1761 1022 vincere

210 1029 539 1120 priusquam
578 1032 767 1114 gloria
814 1031 1047 1092 alterius
1085 1033 1358 1094 >exercitas
1379 1035 1566 1114 fieret.
1615 1042 1760 1102 Haec

218 1107 471 1171 insidens
506 1131 686 1196 equo.
724 1109 860 1174 inde
894 1111 1149 1173 tribunis
1184 1113 1760 1200 centurionibusque

219 1186 467 1272 imperat
506 1239 526 1268 ,
574 1209 643 1254 ut
686 1191 813 1255 vias
854 1190 1162 1274 equitibus
1210 1191 1581 1276 patefaciant.
1625 1201 1757 1289 Ipse

219 1267 533 1332 Traebonio
565 1271 950 1355 Caedicioque
977 1269 1320 1362 praedixerat
1339 1318 1360 1346 ‚
1399 1290 1468 1335 ut
1495 1320 1515 1349 ,
1556 1275 1661 1338 ubi
1696 1280 1758 1342 se

220 1349 525 1432 cuspidem
552 1351 802 1414 erestam
827 1367 1194 1432 quatientem
1219 1348 1493 1414 vidissent
1514 1399 1532 1427 ‚
1563 1375 1756 1436 quan-

219 1427 285 1489 td
326 1430 577 1492 maxima
616 1431 677 1496 vi
712 1429 976 1512 poss‘ent,
1012 1429 1381 1493 concitarent
1419 1433 1652 1534 equites
1693 1438 1758 1501 in

218 1505 466 1573 hostem.
502 1510 599 1573 Ad
629 1528 841 1574 nutum
875 1510 1073 1574 omnia
1096 1555 1117 1584 ,
1154 1527 1222 1573 ut
1259 1530 1334 1572 ex
1372 1530 1508 1576 ante
1539 1535 1757 1599 praepa·

218 1606 355 1652 rato
372 1634 394 1664 ‚
420 1591 589 1654 fiunt.
614 1591 953 1674 panduntur
982 1591 1138 1654 inter
1167 1589 1407 1655 ordines
1439 1593 1552 1658 viae
1572 1615 1588 1655 ε
1611 1617 1759 1678 pro-

218 1667 387 1732 volat
416 1690 642 1754 equeS‚
678 1689 737 1733 at
784 1691 859 1733 ue
896 1668 1118 1731 infestis
1154 1669 1497 1754 cuspidibus
1531 1672 1593 1734 in
1629 1694 1755 1739 me·-

216 1746 387 1811 dium
422 1769 633 1832 agmen
672 1751 755 1812 ho
806 1749 929 1812 ium
962 1748 1083 1812 ruit
1108 1793 1128 1822 ,
1169 1751 1617 1834 perrumpitque
1657 1775 1758 1817 or-

216 1826 387 1892 dines
410 1875 428 1904 ,
456 1849 837 1924 quacumque
862 1830 1150 1912 impetum
1174 1827 1360 1892 dedit.
1384 1829 1596 1894 instant
1622 1839 1752 1896 Vo-

213 1905 479 1973 lumnius
508 1913 573 1973 δε
600 1911 800 1993 Scipio
822 1956 842 1986 ‚
868 1914 936 1985 ,ec
967 1907 1266 1993 perculsos
1285 1908 1569 1976 sternunt.
1594 1915 1748 1978 Tum
1822 1930 1942 1975 νεεεῖ

221 1986 332 2051 'am
356 1988 605 2053 deorum
629 1990 1059 2073 hominumque
1085 1984 1240 2079 νίξὶέὶ
1268 1991 1328 2055 vi
1352 2038 1374 2068 ,
1414 1991 1750 2060 funduntur
1762 1991 1942 2090 ssmm‘·

134 2070 143 2077 “
237 2069 470 2133 inteatae
514 2068 797 2133 cohortes
838 2091 855 2132 ε
898 2070 1117 2154 pariter
1157 2070 1337 2151 jurati
1387 2071 1748 2158 injuratique
1826 2078 1843 2096 ⁶

210 2146 459 2231 fugiunt
496 2195 517 2225 ‚
569 2170 682 2214 nec
728 2170 1089 2236 quemquam
1139 2168 1346 2227 praeter
1389 2150 1586 2216 hostes
1625 2176 1751 2219 me-

212 2245 415 2291 tuunt.
447 2244 475 2275 ²
511 2229 791 2294 Peditum
828 2246 1078 2311 agmen,
1107 2229 1273 2310 quod
1317 2232 1606 2313 superfuit
1633 2255 1748 2318 pu·

210 2325 340 2391 gnae
361 2354 381 2380 ‚
405 2308 466 2370 in
502 2310 683 2372 castra
714 2310 788 2379 ad
824 2307 1204 2391 Aquiloniam
1238 2310 1605 2390 compulsum
1637 2313 1742 2379 est.

212 2387 495 2450 nobilitas
544 2389 893 2473 equitesque
948 2385 1278 2451 Bovianum
1330 2387 1746 2470 perfugerunt.

209 2469 459 2553 Equites
498 2488 683 2553 eques
726 2466 991 2551 sequi-tur
1028 2512 1046 2539 ,
1084 2464 1358 2607 (peditem
1395 2467 1574 2550 pedes
1616 2493 1632 2533 z
1671 2492 1744 2535 ac

256 2548 436 2612 iversa
465 2568 723 2623 cornua,
748 2547 1023 2614 dextrum
1050 2565 1081 2606 a
1149 2544 1327 2608 castra
1353 2550 1739 2628 Samnitium,

208 2626 423 2691 laevum
450 2627 528 2691 ad
566 2630 775 2691 urbem
808 2626 1017 2692 tendit.
1064 2624 1236 2687 Prior
1265 2627 1570 2711 aliquanto
1611 2637 1738 2695 Vo-

209 2707 473 2770 lumnius
508 2709 687 2771 castra
729 2706 927 2791 cepit:
951 2703 1023 2767 ad
1061 2705 1270 2768 urbem
1310 2708 1572 2790 Scipioni
1609 2724 1736 2775 ma-

208 2786 341 2869 jore
378 2786 651 2853 refistitur
684 2788 749 2853 vi
780 2815 801 2866 3
842 2804 966 2849 non
1000 2784 1141 2868 quia
1177 2785 1332 2871 plus·
1352 2788 1529 2853 animi
1562 2790 1736 2856 vistis

280 2962 307 2995 2
348 2946 553 2997 Peditum
587 2965 743 3015 agmen
764 2978 781 3004 ,
822 2946 945 3016 quod
1007 2946 1176 3014 supd,
1199 2953 1260 2996 V.
1287 2963 1364 3015 .3.4·.
1398 2950 1483 3009 Is,
1517 2949 1639 3017 quod
1660 2948 1740 3017 (αἱς

204 3009 426 3078 ‘superfuit
436 3024 593 3078 pugna
608 3020 631 3073 ]
649 3011 849 3060 Peditum
866 3029 944 3076 ag·
1004 3029 1063 3058 ex
1090 3008 1267 3078 populis
1293 3005 1554 3060 abundabat
1570 3042 1586 3070 ‚
1608 3016 1737 3061 Bitu·

212 3092 315 3123 men
330 3107 347 3133 ,
368 3090 468 3124 non
497 3090 653 3124 totum
673 3077 707 3135 ,'
720 3074 798 3122 sed
824 3075 944 3141 quod
1003 3076 1045 3123 ri
1074 3091 1119 3121 es
1137 3106 1151 3129 ,
1169 3080 1432 3129 Arvernos.
1465 3076 1578 3129 vid.
1599 3079 1648 3127 Bc
1665 3078 1736 3125 in·

212 3142 313 3201 eius
330 3138 551 3206 stupet-fuit
562 3152 739 3207 pugnae.
768 3138 943 3187 Eodem
1005 3137 1048 3189 ft
1097 3142 1275 3192 XXVI.
1301 3153 1378 3200 33·
1795 3144 1813 3153 ‘

208 3202 311 3255 fere
332 3204 483 3257 modo
504 3204 689 3259 locutus
708 3201 772 3255 est
784 3204 943 3263 Livius
1207 3254 1215 3260 ,
