2250 3850
666 166 1326 249 Lunam.
1616 121 1880 266 289⁴

247 270 465 338 Nihilo
500 271 769 358 quietior
803 273 1105 335 Romanus
1141 265 1482 343 exercitus,
1525 268 1780 352 imperio
1806 299 2048 352 μαψ

247 354 421 418 dacis
453 353 809 416 continetur.
849 349 1078 414 decima
1108 365 1232 412 erat
1265 346 1394 410 fere
1436 347 1558 410 diei
1592 349 1778 424 hora,
1802 358 1910 404 ac.
1929 354 2042 411 30⁸.
2133 397 2146 401 -

250 445 437 515 quum
471 433 673 495 cibum
697 450 906 514 capere
933 427 1138 498 consul
1163 425 1382 491 milites
1410 425 1571 490 'ubet
1595 463 1612 504 3
1641 449 1787 510 prae-

250 513 400 595 cipit
425 529 495 574 ut
523 513 582 574 in
610 511 781 573 armis
808 509 916 572 fint
930 556 951 585 ,
974 527 1356 599 quacumque
1423 508 1501 570 iei
1525 509 1790 572 noctisve

246 591 399 654 hora
420 591 646 674 signum
670 589 922 652 dederit.
953 587 1169 651 Paucis
1191 586 1411 650 milites
1431 588 1791 672 alloquitur,

245 672 604 748 §munitium
632 669 788 733 bella
813 667 1046 733 extollit
1062 713 1085 744 ,
1109 667 1305 733 elevat
1341 670 1662 746 Etruscos:
1689 690 1790 730 nec

250 753 447 830 bqstem
471 754 607 830 lusti
623 793 644 820 ,
685 773 783 812 nec
810 749 1224 811 multitudinem
1255 747 1612 810 multitudini
1637 769 1790 809 com-

244 833 553 914 parandam
578 830 662 892 ait
682 830 798 912 effi.
837 840 1105 890 Praeterea
1128 827 1302 890 telum
1328 827 1488 890 aliud
1514 829 1792 890 occultum

238 913 485 991 scituros
518 914 579 971 in
616 926 875 991 tempore.
916 919 1134 970 Interea
1167 909 1344 968 taceri
1367 926 1501 991 opus
1537 909 1649 991 affin
1680 909 1796 976 His

252 988 606 1073 ambagibus
647 987 819 1072 prodi
868 986 1172 1050 simulabat
1211 985 1406 1049 hostes
1426 1033 1447 1064 ,
1495 1008 1620 1072 quo
1666 987 1792 1050 ani·

254 1089 390 1132 mus
438 1068 696 1134 militum
744 1065 1131 1131 multitudine
1179 1066 1420 1130 territus
1463 1068 1795 1132 restituere-

260 1167 361 1214 tur
388 1170 403 1211 t
432 1151 499 1212 δε
532 1195 554 1224 ,
594 1146 763 1230 quod
798 1145 914 1210 fine
956 1146 1328 1209 munimento
1363 1148 1794 1224 consederant,

256 1227 627 1294 verisimilius
660 1244 787 1290 erat
823 1225 988 1310 quod
1019 1225 1412 1290 fimulabatur.
1455 1227 1668 1291 Cui-ati
1699 1229 1794 1290 ci-

142 1315 155 1324 ”
259 1309 344 1372 bo
378 1328 627 1391 corpora
662 1308 852 1391 quieti
885 1305 1025 1398 dant
1047 1353 1066 1381 ‚
1093 1309 1156 1370 &
1191 1305 1400 1390 quarta
1431 1305 1554 1372 fere
1585 1306 1794 1390 vigilia

258 1387 380 1452 fine
418 1387 680 1450 tumultu
718 1385 960 1450 excitati
998 1407 1155 1448 arma
1201 1387 1462 1470 capiunt.
1520 1387 1794 1450 Dolabrae

262 1467 573 1548 calonibus
600 1465 946 1530 dividuntur
982 1465 1058 1548 ad
1096 1465 1317 1530 vallum
1349 1467 1796 1551 proruendum,

260 1545 552 1639 fossasque
583 1545 942 1629 implendas:
966 1545 1118 1609 intra
1153 1547 1518 1610 munimenta
1550 1547 1795 1610 instrui-

260 1645 362 1692 tur
397 1647 591 1690 acies:
620 1626 857 1690 delectae
895 1622 1178 1688 cohortes
1217 1625 1292 1688 ad
1322 1644 1628 1709 portarum
1666 1626 1798 1688 exi-

262 1723 363 1770 tus
396 1705 790 1788 collocantur.
827 1704 967 1766 dato
1000 1703 1214 1767 deinde
1247 1703 1408 1786 signo
1444 1705 1622 1786 paulo
1657 1722 1794 1768 ante

259 1787 460 1856 lucem
488 1832 507 1861 ‚
549 1784 719 1868 quod
754 1783 958 1847 aestivis
998 1783 1274 1857 nostibus
1310 1783 1503 1867 sopitae
1545 1787 1792 1848 maxime
1853 1807 2020 1856 generet

311 1865 488 1931 uictis
515 1883 750 1950 tempus
774 1862 857 1927 est
877 1911 896 1940 ‚
922 1881 1174 1947 proruto
1198 1861 1358 1927 vallo
1381 1864 1578 1948 erupit
1599 1866 1758 1930 acies
1779 1888 1796 1930 t
1814 1867 1994 1929 wvff·
2091 1867 2093 1870 ⁴

264 1889 473 2013 :iratos
499 1944 693 2029 paffim
721 1943 947 2008 invadit
982 1944 1178 2007 hostes
1206 1969 1224 2007 ε
1253 1942 1400 2007 alios
1425 1945 1800 2025 immobiles,

264 2026 417 2092 alios
450 2025 823 2088 semisomnos
861 2025 921 2085 in
958 2022 1257 2088 cubilibus
1289 2024 1408 2089 suis
1432 2071 1454 2101 ,
1487 2028 1805 2091 maximam

264 2125 493 2192 partem
520 2116 547 2147 ²
574 2102 649 2168 ad
670 2125 828 2168 arma
852 2104 1212 2189 trepidantes
1229 2150 1251 2181 ,
1278 2104 1466 2168 caedes
1488 2108 1765 2192 oppteffit
1781 2130 1804 2173 ε

312 2185 474 2251 aucis
508 2184 767 2249 armandi
803 2186 861 2247 se
893 2183 1101 2249 datum
1136 2184 1386 2267 spatium
1419 2186 1520 2251 est.
1556 2190 1674 2265 Eos
1704 2188 1807 2273 ip-

264 2210 359 2333 sss
384 2286 503 2331 non
526 2266 749 2348 signum
773 2282 1039 2338 certum,
1065 2285 1187 2326 non
1213 2261 1428 2326 ducem
1451 2266 1506 2327 se
1552 2284 1760 2331 uentes
1779 2312 1806 2343 ‚

266 2346 468 2413 fundit
511 2348 811 2406 Romanus
846 2364 862 2403 ε
911 2341 979 2405 fu
1024 2360 1152 2403 atos
1193 2360 1377 2424 eques
1455 2364 1517 2407 er
1543 2346 1808 2429 equitur.

267 2426 369 2495 Ad
406 2424 623 2499 castra,
648 2421 721 2484 ad
760 2419 951 2503 sylvas
1030 2418 1194 2484 iverfi
1233 2420 1409 2483 tende
1453 2441 1575 2485 ant.
1617 2424 1810 2507 Sylvae

268 2507 461 2571 tutius
497 2498 715 2566 dedere
748 2498 1067 2591 refugium.
1111 2520 1245 2563 nam
1273 2500 1452 2565 eastra
1483 2502 1546 2565 in
1582 2505 1808 2589 campis

268 2584 373 2649 fita
406 2586 619 2651 eodem
651 2582 749 2648 die
774 2598 1100 2673 ⁴capiuntur
1127 2602 1143 2642 :
1171 2600 1380 2645 aurum
1408 2625 1432 2657 ,
1467 2600 1808 2667 argentum..

270 2685 396 2749 que
427 2664 637 2744 jussum
672 2659 881 2726 referri
908 2661 983 2725 ad
1014 2658 1317 2725 consulem
1344 2682 1360 2723 ε
1386 2680 1583 2728 cetera
1614 2664 1810 2749 praeda

270 2742 479 2809 militis
516 2742 653 2806 fuit.
709 2743 870 2806 Caesa
918 2760 1020 2809 aut
1064 2758 1233 2827 capta
1283 2761 1358 2805 eo
1403 2741 1500 2807 die
1546 2744 1810 2810 hostium

270 2822 461 2891 millia
498 2822 569 2885 ad
604 2822 915 2905 sexaginta.
962 2826 1103 2885 Eam
1143 2838 1262 2885 tam
1296 2820 1516 2897 claram
1549 2844 1810 2909 pugnam

271 2922 435 2971 trans
453 2901 769 2983 Ciminiam
794 2901 1013 2984 sylvam
1036 2901 1111 2967 ad
1133 2898 1430 2969 Perusiam
1448 2922 1806 2991 pugnatam,

335 3114 364 3145 2
401 3093 499 3149 Ad
527 3110 659 3144 arma
684 3080 1005 3163 trepidantes]
1069 3094 1302 3146 tumultus
1359 3094 1655 3147 festinatione
1711 3092 1812 3151 disq

269 3168 397 3214 Cum
438 3159 752 3225 trepidatione
786 3160 837 3211 δε
870 3158 1009 3226 plena
1070 3176 1305 3213 currentes
1340 3162 1404 3215 ad
1429 3176 1588 3211 arma.

373 3231 528 3293 Tem.
563 3232 647 3303 ΙΙ,
1493 3230 1555 3290 N
