2250 3850
499 229 524 252 ‘
561 221 609 300 6
960 215 1059 296 Τ.
1157 219 1237 294 L·
1275 240 1307 295 1
1358 242 1413 297 v
1468 233 1501 296 r
1557 230 1592 298 ι’

248 321 480 384 uem,
500 240 646 383 {em
662 365 684 396 ‚
708 335 890 402 quem
914 333 1149 402 tempus
1173 317 1529 381 deteriorem
1560 315 1749 382 indies
1778 316 1843 382 δε
1862 317 2049 385 locus

175 401 180 408 '
249 383 428 440 ια’(
439 399 480 437 ³·
500 399 729 462 alienus
747 397 980 462 faceret
997 443 1019 473 ,
1043 397 1161 459 fine
1184 415 1503 482 praeparato
1528 416 1893 474 commeatu,
1917 400 2042 462 fine

497 480 672 542 firmo
707 479 1077 542 munimento
1119 494 1486 548 morantem,
1526 477 1601 540 ad
1639 478 1759 541 hoc
1795 478 1868 540 iis
1907 478 2038 541 ani-

495 559 609 622 mis
638 557 1104 642 corporibusque
1127 604 1147 633 ‚
1180 578 1443 644 quorum
1473 557 1673 630 omnis
1707 558 2038 641 in.impetu

492 641 587 703 vis
617 637 758 702 esset
779 685 802 714 ‚
836 637 1013 722 parva
1040 637 1245 701 eadem
1268 638 1672 720 languesceret
1696 637 1879 701 mori.
1917 638 2036 701 His

493 717 753 782 consiliis
777 719 1030 782 dictator
1057 717 1280 780 bellum
1317 716 1590 782 trahebat
1611 765 1633 795 ‚
1710 737 2034 800 ravemque

493 798 761 860 edixerat
784 818 1029 884 poenam
1047 845 1071 873 ‚
1107 797 1149 858 fi
1176 797 1312 881 quis
1332 795 1550 876 -injuss'u
1575 799 1638 860 in
1664 735 1891 862 {ostem
1917 818 2032 881 pu—

293 895 492 963 mma·
538 876 734 940 naffet.
781 877 1006 940 Milites
1043 895 1192 960 aegre
1232 876 1297 938 id
1333 879 1624 960 patientes
1659 921 1679 952 ,
1730 875 1925 961 primo
1962 877 2031 940 in
2080 941 2085 946 ,

241 953 461 1005 milm-
545 955 840 1020 ationibus
872 955 1211 1042 vigiliisque
1248 956 1400 1018 inter
1435 959 1490 1019 se
1522 956 1872 1020 distatorem
1905 957 2039 1020 ser·-

441 1047 458 1060 ‘
488 1035 777 1101 ‘monibus
806 1056 1048 1121 carpere
1073 1082 1093 1110 ,
1125 1036 1425 1099 interdum
1462 1039 1668 1100 Patres
1700 1035 2031 1110 communi-

495 1135 589 1180 ter
614 1117 917 1203 increpare
935 1161 954 1188 ‚
978 1113 1152 1202 quod
1176 1136 1295 1194 non
1320 1115 1593 1197 juffiffent
1617 1132 1725 1215 per
1754 1115 2031 1180 consules

493 1199 624 1280 geri
647 1195 889 1260 bellum.
927 1195 1297 1337 Elec‘fumtiffi·
1321 1199 1581 1258 eximium
1607 1215 1986 1280 tmperatorem
2000 1240 2024 1268 ‚

492 1281 720 1339 unicum
745 1279 974 1346 ducem,
1014 1279 1116 1359 qui
1144 1300 1180 1337 n
1242 1275 1292 1336 il
1316 1277 1633 1358 agentistbi
1660 1281 1727 1338 de
1758 1276 1888 1337 coelo
1927 1279 2024 1338 de-

493 1357 810 1419 volaturam
855 1359 916 1418 in
943 1356 1127 1437 sinum
1170 1357 1468 1416 vitiorium
1510 1359 1739 1436 censeat.
1803 1355 2027 1420 Eadem

491 1435 710 1502 deinde
731 1436 854 1500 haec
879 1434 1138 1504 interdiu
1162 1434 1492 1519 propalam,
1516 1456 1585 1498 ac
1608 1435 1902 1500 ferociora
1925 1436 2029 1499 his

487 1513 742 1597 jafflategz
757 1519 820 1596 se
863 1517 1056 1598 injuffia
1097 1519 1446 1598 imperatoris
1484 1536 1581 1576 aut
1619 1519 1981 1578 dimicaturos
1997 1559 2023 1587 ,

487 1597 590 1658 dut
625 1599 845 1680 agmine
877 1604 1100 1656 Romam
1136 1598 1332 1656 ituros.
1376 1593 1821 1676 Immiscerique
1865 1595 2027 1659 mili-

489 1676 655 1739 tibus
685 1668 1235 1739 centurionestnec
1269 1681 1289 1714 ¹
1321 1673 1382 1735 in
1413 1673 1656 1737 circulis
1689 1673 1875 1746 modo
1911 1675 2033 1740 fre-

482 1777 651 1818 mere
675 1802 694 1830 ,
720 1754 820 1817 sed
843 1755 959 1836 jam
997 1769 1025 1800 ²
1067 1753 1128 1816 in
1198 1753 1465 1839 rincipiis
1502 1775 1569 1818 ac
1598 1765 1623 1807 ³
1655 1754 1928 1839 praetorio
1960 1756 2025 1822 in

438 1851 448 1877 ¹
485 1856 676 1899 unum
714 1834 1008 1899 sermones
1036 1855 1155 1896 con
1186 1833 1331 1898 undi
1356 1861 1374 1908 3
1404 1851 1582 1919 atque
1617 1834 1678 1895 in
1711 1837 2027 1900 concionis

482 1913 957 1997 magnitudinem
981 1916 1242 1977 crescere
1269 1912 1441 1975 turba
1458 1958 1479 1987 ‚
1517 1917 1579 1977 δε
1603 1912 1917 1977 vociferari
1942 1932 2023 1979 ex

489 1992 768 2057 omnibus
793 1992 946 2056 locis
967 2038 986 2068 ‚
1013 2010 1081 2055 ut
1105 1990 1403 2075 extemplo
1428 1991 1503 2054 ad
1526 1991 1874 2054 dictatorem
1904 1994 2023 2057 ire-

459 2090 590 2137 ·-tur
611 2121 628 2145 ,
664 2076 845 2137 verba
865 2093 978 2162 pro
1013 2073 1279 2134 exercitu
1314 2070 1541 2135 faceret
1575 2077 1711 2137 Sex.
1744 2071 1977 2137 Tullius
1993 2120 2023 2153 ,

481 2170 554 2217 ut
579 2152 799 2216 virtute
823 2172 950 2233 ejus
975 2152 1225 2233 dignum
1255 2149 1414 2215 esset.

561 2237 726 2295 XIII.
753 2246 774 2277 ¹
803 2231 1133 2317 Septimum
1157 2231 1412 2317 primum
1430 2229 1758 2314 pilum'jam
1781 2232 2017 2298 Tullius

479 2312 778 2391 ducebat,
801 2332 998 2399 neque
1035 2329 1164 2378 erat
1200 2312 1265 2377 in
1292 2312 1563 2376 exercitu
1582 2357 1604 2389 ,
1630 2312 1739 2397 qui
1769 2314 2015 2399 quidem

555 2525 576 2558 ι
619 2510 678 2557 In
699 2508 916 2573 circulis]
938 2512 995 2558 In
1013 2510 1217 2560 eoetibus
1279 2512 1352 2561 ria
1384 2511 1725 2578 exspestabant.
2004 2556 2013 2565 ,

484 2574 696 2621 militum
716 2576 882 2637 *paffim
901 2578 1022 2623 inter
1046 2576 1092 2623 se
1108 2576 1215 2623 col·
1348 2590 1367 2633 3
1398 2578 1642 2636 Pratorio]
1668 2572 1927 2622 Praeton‘um
1944 2574 2011 2622 est
2068 2575 2075 2579 ’

483 2636 800 2701 loquentium.
931 2637 936 2645 '
1033 2681 1058 2701 ‚,
1224 2658 1231 2665 ·
1276 2638 1633 2687 tabernaculum
1672 2639 1741 2684 im
1802 2640 2013 2699 tatoris,

551 2715 578 2745 2
603 2704 664 2747 In
681 2702 948 2777 principiis]
986 2701 1215 2767 Principia
1276 2704 1359 2765 qui
1393 2702 1515 2749 olim
1551 2712 1729 2767 praetor.
1778 2698 2009 2751 'cebatmu

483 2760 616 2811 locus
649 2779 783 2811 erant
819 2779 870 2811 m
905 2762 1097 2825 castris,
1127 2764 1212 2813 ubi
1279 2764 1369 2815 Hic
1398 2780 1503 2813 non
1532 2766 1683 2829 ipsum
1721 2764 2008 2815 tabernacu-

480 2829 785 2892 praetorium‚
805 2830 1212 2893 &praecipuorum
1276 2828 1379 2876 lum
1408 2820 1765 2893 intelligendum
1789 2827 1976 2879 videtur
1988 2862 2011 2893 ,

481 2890 657 2940 ducum
687 2925 705 2951 ,
747 2906 860 2955 puta
899 2891 1168 2956 legatorum
1192 2926 1209 2954 ,
1275 2892 1353 2941 sed
1383 2895 1648 2957 propinqua
1677 2894 1719 2940 ei
1749 2891 1876 2941 loca.

471 2956 790 3006 tribunorum
819 2959 1051 3015 tentoria,
1071 2958 1122 3005 δε
1154 2954 1210 3004 si-
1258 2999 1265 3005 .
1342 2970 1362 3003 1
1409 2958 1659 3021 Septimum
1701 2957 1897 3023 primum
1969 2955 2013 3005 ὶ-

479 3035 576 3085 gna
597 3020 824 3069 militaria
843 3017 937 3071 fixa
955 3034 1107 3069 erant.
1134 3021 1209 3067 lbi
1273 3018 1407 3081 lum]
1444 3024 1581 3069 'runc
1616 3022 1716 3083 jam
1751 3020 1917 3085 septim
1952 3036 2003 3069 m

477 3082 733 3133 confilium
759 3084 965 3133 militare
994 3084 1208 3131 habeba-
1273 3084 1506 3149 primipili
1534 3085 1745 3133 centurio
1774 3099 1889 3133 erat.
1932 3088 2004 3133 De

479 3160 560 3197 tur
583 3182 600 3207 ‚
638 3163 780 3215 atque
821 3150 966 3198 etiam
1007 3148 1212 3199 interdiu
1274 3148 1507 3213 primipili
1574 3149 1842 3197 centurione
1902 3146 2003 3196 vid.

395 3284 424 3298 ,,
479 3208 580 3261 f‘ffi
603 3212 831 3279 PO‘iffimi
849 3213 1023 3265 ducum
1055 3216 1213 3283 impe·
1276 3226 1381 3265 not.
1417 3226 1462 3277 5.
1492 3210 1555 3264 ad
1584 3228 1628 3265 c.
1660 3210 1810 3271 27.·l.
1840 3212 1903 3257 11.

1722 3270 2010 3359 pedestria
