2250 3850
410 276 591 362 ‘3140
921 264 1016 344 T.
1116 269 1251 346 L‘1
1295 294 1419 347 vr
1468 276 1503 345 1‘

179 368 412 423 uem.
437 362 556 447 ipse
600 362 957 440 revertisset,
1001 368 1191 451 praedz‘i
1231 368 1621 442 abstinerent,
1660 362 1965 450 profestos

179 426 286 475 “⁰⁶
305 440 405 483 ³⁴⁰·
436 442 670 535 agmine
691 442 969 509 instructo
986 491 1005 520 ,
1051 468 1240 529 quum
1262 444 1573 540 praemiffus
1595 466 1777 529 eques
1794 445 1963 508 velut

204 1727 393 1773 Cartha-1

171 1786 380 1883 finienses

193 1844 324 1897 «μή.

174 1969 393 2070 “sc-3215:-

169 2085 323 2140 phane.

439 526 465 565 ⁸
494 522 767 606 indagine
799 523 1094 609 diffipatos
1142 530 1431 591 Samnites
1468 543 1672 610 ageret
1695 572 1716 599 ,
1742 524 1965 587 caedem

433 601 736 684 ingentem
776 603 940 666 fecit.
979 625 1113 667 nam
1142 628 1338 690 neque
1373 630 1499 691 quo
1536 607 1699 689 figno
1734 604 1965 667 coirent

435 680 591 743 inter
613 684 702 758 se,
736 702 930 765 neque
953 684 1155 747 utrum
1180 686 1359 750 castra
1388 700 1695 771 peterent,
1720 705 1793 747 an
1830 684 1967 746 lon-

431 760 661 843 giorem
677 762 1052 826 intenderent
1080 764 1307 848 fugam,
1336 767 1557 829 territis
1578 765 1839 829 constare
1858 784 1967 847 po-

437 857 610 903 terat.
638 844 1014 927 Tantumque
1045 842 1199 926 fugae
1230 866 1297 908 ac
1335 845 1665 909 formidinis
1702 844 1820 906 fuit
1841 887 1861 917 ‚
1897 858 1967 904 ut
1999 876 2011 884 ,

433 920 508 981 ad
549 920 933 1003 quadraginta
975 924 1156 987 millia
1199 927 1543 1003 scutorum,
1585 942 1963 1007 nequaquam

435 1016 528 1061 tot
565 997 715 1060 caefis
737 1047 757 1076 ,
795 1004 856 1063 δε
901 1001 1056 1084 figna
1093 1004 1401 1079 militaria,
1435 1026 1574 1068 cum
1617 1005 1689 1065 iis
1727 1023 1855 1085 quae
1904 1001 1967 1063 in

433 1078 629 1139 castris
667 1096 835 1163 capta
868 1099 1034 1143 erant
1055 1127 1075 1156 ‚
1107 1081 1182 1145 ad
1214 1102 1458 1148 centum
1492 1081 1855 1167 septuaointa
1892 1079 1969 1143 ad

431 1156 736 1219 consulem
774 1158 1168 1225 deferrentur.
1224 1166 1377 1227 Tum
1414 1164 1475 1225 in
1507 1128 1968 1225 casttaffiostium

429 1235 690 1301 reditum
714 1238 964 1323 :ibique
990 1241 1183 1303 omnis
1196 1242 1385 1325 praeda
1410 1240 1581 1304 militi
1605 1241 1760 1305 data.

511 1320 841 1380 XXXVIII.
891 1320 1085 1411 Hujus
1109 1321 1446 1386 certaminis
1470 1320 1710 1385 fortuna
1727 1366 1751 1397 ‚
1784 1322 1846 1383 δε
1870 1325 1971 1381 Fa·-

427 1392 603 1458 1iscos
633 1442 653 1471 ‚
697 1419 884 1478 quum
907 1398 968 1461 in
994 1400 1247 1463 induciis
1276 1400 1491 1475 essent,
1533 1398 1742 1465 foedus
1766 1417 1969 1482 petere

430 1475 736 1539 ab‘senatu
765 1477 1002 1561 coEgit3
1045 1484 1106 1541 δε
1131 1480 1377 1543 Latinos
1398 1526 1419 1556 ,
1462 1481 1579 1554 jam·
1600 1478 1965 1542 exercitibus

434 1556 817 1639 comparatiS,
849 1568 869 1600 ¹
913 1557 986 1619 ab
1029 1561 1297 1621 Romano
1330 1559 1392 1621 in
1435 1556 1966 1641 Pelignumaevertit

432 1632 674 1697 bellum.
718 1642 930 1719 Neque
956 1636 1038 1699 ita
1058 1638 1141 1699 rei
1162 1637 1329 1720 gestae
1352 1636 1505 1701 fama
1532 1638 1713 1701 Italiae
1735 1638 1795 1699 se
1828 1636 1964 1699 fini..

435 1712 549 1777 bus
567 1715 786 1779 tenuit:
813 1714 911 1779 sed
929 1716 1446 1799 Carthaginienses
1470 1736 1716 1801 quoque
1737 1715 1969 1800 legatos

481 1794 798 1871 ratulatum
821 1800 1068 1859 Romam
1091 1797 1327 1873 misere,
1366 1818 1505 1860 cum
1527 1816 1758 1861 coronae
1783 1816 1969 1860 aureae

437 1811 635 1952 Ξοηο,
681 1896 810 1956 quae
845 1874 903 1937 in
945 1874 1251 1960 Capitolio
1296 1880 1356 1939 in
1394 1877 1563 1942 Iovis
1600 1874 1748 1939 cella
1785 1895 1967 1961 pone-

439 1969 622 2015 retur.
659 1951 830 2015 fuit}²
863 1955 1061 2036 pondo
1099 1956 1312 2038 viginti
1340 1956 1629 2040 quinque.
1670 1956 1962 2020 Consules

437 2031 612 2092 ambo
651 2030 726 2092 de
767 2033 1126 2098 Samnitibus
1167 2034 1641 2117 triumpharunt,
1687 2037 1967 2119 sequente

436 2109 630 2172 Decio
663 2108 868 2201 insigni
909 2131 1050 2174 cum
1073 2111 1248 2174 laude
1286 2115 1616 2196 donisque:
1696 2136 1837 2178 uum
1880 2114 1969 2176 in-

435 2189 684 2251 condito
709 2189 944 2252 militari
969 2191 1144 2272 joco,
1179 2191 1340 2255 haud
1379 2191 1571 2256 minus
1596 2194 1670 2255 tri
1719 2195 1821 2256 uni
1858 2213 1961 2256 ce-

433 2268 598 2332 lebre
623 2288 840 2330 nomen
858 2317 876 2344 ,
903 2271 1083 2350 quam
1109 2269 1415 2344 conssulurn
1444 2271 1606 2336 effer.
1633 2269 1991 2356 Campano?

433 2369 568 2413 rum
604 2348 818 2412 deinde
859 2359 881 2402 ³
922 2350 1453 2437 Sueffanorumque
1489 2352 1696 2416 auditae
1720 2352 1968 2437 legatio-

500 2543 528 2588 8
588 2538 813 2605 Indagine
843 2548 866 2603 ]
925 2542 1174 2608 Indaeginis
1308 2561 1326 2593 1
1352 2546 1440 2597 ,Ab
1458 2553 1657 2594 Romano
1671 2541 1718 2590 in
1732 2540 1965 2606 Pelignum

437 2605 630 2654 nomine
665 2604 854 2668 proprie
891 2606 1171 2671 intelligitur
1233 2613 1375 2657 »vertit
1412 2608 1613 2669 bellum]
1654 2604 1839 2652 rnduxit
1859 2638 1875 2663 ‚
1912 2619 1972 2653 ux.

435 2667 688 2733 plagarum
707 2702 722 2725 ,
754 2670 829 2716 seu
859 2672 1026 2717 retium
1060 2675 1169 2734 qui·
1236 2668 1409 2721 omisso
1444 2670 1573 2718 bello
1605 2669 1734 2734 quod
1762 2677 1964 2731 parave-

438 2731 554 2780 dam
585 2731 714 2779 velut
743 2732 872 2780 orbis
891 2765 908 2790 ,
937 2733 1107 2796 quibus
1140 2732 1170 2782 εὶ
1236 2750 1343 2783 rant
1371 2733 1587 2783 adversus
1614 2737 1859 2782 Romanos
1878 2762 1895 2792 ,
1916 2735 1971 2783 ia

437 2795 740 2844 venatoribus
783 2793 903 2842 feras
937 2796 1169 2860 indagata·
1236 2798 1702 2863 Pelignosyerterent
1724 2811 1879 2844 arma.

439 2860 566 2908 tibus
595 2858 737 2906 saltus
768 2873 1022 2906 nemorave
1064 2863 1168 2907 cin·
1300 2876 1326 2908 2
1356 2859 1505 2908 Pondo
1531 2861 1705 2926 viginti
1728 2861 1965 2929 quinqqe]

438 2937 614 2988 guntur
641 2955 658 2980 ,
698 2936 755 2968 ne
799 2919 891 2986 qua
932 2921 1042 2969 feris
1081 2939 1168 2986 pa·
1234 2930 1511 2974 Marcarum
1556 2923 1830 2972 nostratum
1886 2939 1905 2983 3
1913 2940 1964 2983 9«.

440 3001 538 3035 teat
556 2980 798 3049 effiigiutn.
829 2989 934 3032 Hoc
953 3000 1082 3033 exem
1120 2986 1171 3034 lo
1234 3005 1345 3038 cum
1372 2989 1626 3038 semuncia.
1864 3017 1871 3022 ·

441 3053 667 3100 Samnites
685 3048 893 3112 palantes
913 3063 1053 3113 atque
1108 3051 1171 3098 is·
1307 3068 1327 3112 ς
1360 3045 1789 3117 διιεΠαηόνκωφιε]
1825 3049 1965 3102 lubet

441 3115 597 3178 persos
620 3111 824 3176 undique
851 3129 908 3162 co
942 3129 1017 3162 ere
1050 3115 1098 3161 &
1125 3118 1177 3162 in
1240 3118 1451 3182 sigonius
1472 3117 1564 3180 legi
1590 3111 1967 3179 Sueffulanorum-

443 3181 588 3224 unum
610 3175 834 3241 colligere
850 3191 914 3228 vo
936 3177 1003 3225 uit
1029 3178 1175 3227 Vale·
1241 3198 1326 3248 que
1343 3199 1358 3228 .-
1378 3195 1461 3229 nec
1486 3173 1677 3228 fortaffe
1703 3176 1793 3225 fine
1811 3179 1965 3226 causa.

447 3241 558 3300 rius,
571 3255 620 3289 ut
636 3244 687 3290 iu
705 3240 861 3290 medio
880 3241 1178 3294 caederentut.
1242 3241 1447 3296 Sueffula
1466 3235 1591 3294 eni‘m
1614 3241 1801 3308 propius
1822 3239 1851 3290 ὲ
1874 3245 1970 3292 Ca-
