2250 3850
483 233 649 316 332·
969 213 1067 294 T.
1167 215 1231 293 L
1273 241 1303 296 1
1343 241 1400 297 v
1444 240 1473 294 1
1522 223 1580 294 ι’

233 336 295 383 υ.
304 345 344 383 e.
354 350 409 390 45
422 349 464 390 ς.
482 329 767 406 purgatus
786 332 802 405 ξ
822 320 863 404 ⁴·
877 311 1309 401 vinculumque
1329 317 1537 402 ingens
1561 312 1891 380 immodice
1915 329 2036 382 cti-³

234 395 461 446 ²·C·²⁹⁷-
482 393 751 479 piditatis
783 395 1061 475 injectum
1088 395 1192 459 est.
1459 399 1468 408 ‘
1831 415 1840 424 ·

232 450 465 554 biss'ffrff'
566 479 730 538 XIV.
769 474 1065 538 Consules
1107 476 1252 542 novi
1282 522 1304 552 ,
1345 480 1434 556 Q.
1474 474 1686 539 Fabius
1723 475 2032 540 Maximus

230 563 283 606 Ρ.
312 563 465 610 Decio
488 553 805 637 quartum,
848 558 913 618 δε
960 557 1027 619 Ρ.
1069 556 1294 620 Decius
1337 562 1476 620 Mus
1503 553 1796 632 tertium,
1831 577 2034 640 quum

228 617 322 666 ¹¹¹·
338 617 469 672 ΕΘΚ·
485 633 643 697 inter
687 633 747 696 se
790 657 820 695 a
865 635 1121 713 itarent5
1143 655 1210 700 ut
1250 635 1400 700 alter
1445 635 1735 699 Samnites
1777 635 2026 712 hostes,

482 713 632 798 alter
675 718 821 777 Etru
850 735 949 777 cos
999 715 1290 800 deligeret
1327 751 1343 792 ς
1377 727 1728 800 quantaeque
1765 715 1826 776 in
1862 714 2030 780 hanc

479 811 584 856 aut
621 795 683 855 in
722 793 884 857 illam
930 795 1304 877 provinciam
1343 795 1526 880 copiae
1567 795 1701 856 satis
1725 840 1747 867 ‚
1777 795 1840 856 &
1883 813 2031 860 uter

477 873 553 936 ad
581 892 780 936 utrum
811 873 1035 938 bellum
1074 877 1198 939 dux
1233 876 1482 940 idoneus
1513 874 1696 957 magis
1727 870 1870 937 effet
1893 902 1915 951 3
1941 873 2030 939 ab

478 955 680 1016 Sutrio
702 999 722 1025 ‚
753 956 819 1016 δε
848 960 1082 1038 Nepete
1100 1005 1123 1031 ‚
1149 959 1214 1020 &
1239 954 1474 1018 Faleriis
1501 954 1719 1037 legati,
1749 967 1772 998 ¹
1805 954 2028 1026 anao-

478 1053 575 1096 res
630 1033 882 1096 concilia
932 1036 1180 1099 Etruriae
1229 1033 1583 1129 populorum
1638 1033 1713 1096 de
1765 1035 2028 1116 petenda

286 1125 435 1193 „Angbo
480 1133 627 1198 pace
660 1111 865 1176 haberi
894 1161 921 1190 ,
958 1133 1148 1178 totam
1188 1113 1328 1178 belli
1363 1114 1580 1178 molem
1611 1118 1678 1176 'in
1711 1114 2025 1180 samnium

226 1181 445 1284 2223„
480 1211 842 1258 averterunt.
884 1193 1146 1258 Profe-sti
1177 1193 1449 1258 consules
1474 1241 1498 1268 ,
1531 1215 1656 1276 quo
1687 1193 2026 1276 expeditio·-

225 1291 405 1348 legiones
480 1295 577 1336 res
616 1293 986 1339 commeatus
1018 1275 1198 1339 effent
1220 1323 1248 1352 ,
1283 1279 1346 1340 δε
1375 1275 1660 1353 incertior
1685 1272 1867 1336 hostis
1893 1275 2026 1359 qua

224 1350 391 1408 ¹¹⁸⁶*-
478 1373 803 1421 venturum
832 1355 1055 1420 bellum
1086 1355 1246 1419 foret
1264 1353 1525 1431 ‚‘Fabius
1551 1373 1655 1437 per
1679 1357 1971 1418 Soranum
1993 1401 2020 1434 ,

477 1437 710 1500 Decius
782 1457 846 1500 er
876 1437 1216 1501 Sidicinum
1242 1459 1274 1500 a
1318 1456 1450 1498 rum
1483 1433 1545 1497 in
1585 1434 1888 1498 Samnium
1917 1433 2022 1499 le-

470 1517 683 1599 giones
767 1535 973 1581 ucunt.
1017 1517 1138 1579 Ubi
1177 1515 1239 1577 in
1323 1515 1537 1578 ostium
1579 1512 1734 1576 fines-
1759 1534 2022 1580 ventum

468 1597 551 1660 est
578 1645 597 1672 ,
630 1615 773 1662 uter
818 1619 893 1662 ue
929 1595 1388 1684 populabundus
1420 1591 1607 1658 effuso
1639 1594 1870 1676 agmine
1911 1596 2014 1659 in.

469 1678 651 1741 cedit.
689 1698 802 1763 exp
828 1697 999 1742 orant
1035 1697 1236 1740 tamen
1270 1675 1480 1750 latiflS,
1506 1673 1685 1758 quam
1759 1675 2017 1756 opulan-

468 1761 590 1821 tur.
620 1760 823 1842 Igitur
847 1779 966 1822 non
994 1757 1262 1822 fefellere
1289 1755 1364 1819 ad
1389 1755 1700 1820 Tifernum
1767 1755 1918 1820 ostes
1943 1757 2016 1824 in

465 1838 712 1902 occulta
740 1839 891 1904 valle
923 1837 1186 1904 instruffl
1205 1885 1224 1915 ‚
1296 1857 1430 1901 uam
1468 1834 1750 1920 ingressos
1779 1839 2012 1904 Roma-

466 1938 579 1981 nos
608 1919 909 2012 superiore
944 1941 1018 1983 ex
1047 1918 1190 1983 loco
1223 1859 1444 1984 assoriri
1469 1916 1769 2004 parabant.
1793 1916 2014 1985 Fabius

462 1997 903 2085 impedimentis
935 2000 995 2062 in
1030 1997 1236 2063 locum
1263 2018 1465 2065 tutum
1500 1999 1785 2074 remotis,
1813 2000 2000 2093 praefi-

416 2109 425 2115 ·
464 2078 566 2141 dio
613 2099 689 2142 ue
716 2080 956 2144 modico
984 2080 1298 2166 impolito,
1331 2080 1688 2167 prae'monitis
1712 2077 2010 2146 militibus

462 2157 570 2221 ade
617 2180 650 2221 e
691 2179 989 2224 certamen
1019 2208 1038 2236 ‚
1088 2160 1379 2245 quadrato
1417 2163 1651 2245 agmine
1683 2161 1755 2225 ad
1790 2160 2008 2247 pta-*di-

462 2237 583 2301 &as
606 2238 863 2303 hostium
889 2242 1140 2305 latebras
1167 2241 1453 2308 succedit.
1481 2241 1772 2307 Samnites
1796 2242 2010 2327 despe-

461 2337 591 2382 rato
632 2320 950 2397 improviso
992 2322 1260 2387 tumultu
1291 2371 1311 2401 ,
1395 2323 1594 2388 uando
1634 2324 1695 2385 in
1730 2342 2007 2409 apertum

460 2400 639 2462 semel
671 2402 983 2467 discrimen
1019 2407 1261 2469 evasura
1295 2426 1328 2471 e
1374 2423 1436 2468 et
1471 2425 1601 2479 κε,
1638 2408 1700 2467 8(
1737 2404 1840 2486 ipsi
1872 2404 2008 2469 acie

458 2479 606 2561 justa
629 2480 965 2547 maluerunt
986 2505 1362 2548 concurrere.
1381 2485 1582 2566 itaque
1602 2486 1664 2570 ξε
1681 2482 1742 2545 in
1759 2504 2006 2569 oequum

462 2559 829 2635 descendunt
863 2610 883 2639 ,
937 2585 1017 2627 ac.
1058 2564 1311 2627 fortunae
1368 2564 1424 2624 se
1451 2608 1470 2636 ,
1520 2582 1740 2641 majore
1794 2566 2008 2631 animo

256 2644 445 2692 tuum
464 2640 649 2724 quam
692 2644 727 2704 s
753 2663 788 2706 e
820 2690 837 2717 ,
880 2647 1282 2708 committunt.
1324 2639 1610 2703 Ceterum
1631 2684 1653 2715 ,
1688 2638 1805 2704 five
1849 2646 2000 2727 quia

214 2712 447 2810 22:23?
468 2740 543 2783 ex
574 2744 715 2788 omn
742 2744 841 2788 um
876 2722 1222 2799 Samnitium
1253 2719 1489 2805 populis
1521 2765 1542 2795 ‚
1585 2720 2004 2809 quodeunque

216 2812 305 2870 bus.
466 2802 701 2865 roboris
738 2801 967 2875 fuerat,
997 2818 1448 2875 contraxerant,
1478 2801 1578 2865 seu
1617 2800 1757 2883 quia
1797 2803 2003 2869 discri-

462 2902 602 2947 men
637 2883 871 2945 summae
904 2901 1101 2945 rerum
1135 2880 1388 2965 augebat
1417 2882 1687 2960 animos,
1722 2882 1996 2969 aliquan-

522 3042 555 3087 4
575 3022 1079 3109 ‘Vinculum-queingteqs
1093 3030 1184 3077 im·
1249 3027 1456 3093 placeret
1505 3028 1662 3094 legere
1722 2990 1992 3099 capistrati.

456 3089 961 3219 ι’·ῗῗοῗκέοίῖτῖεῒέιῖἕῇῗὲο
973 3092 1191 3225 ιῖξῇἂεῦὀῗ
1323 3170 1346 3203 t
1382 3155 1651 3219 defloret]
1679 3162 1839 3215 Quum
1862 3174 1988 3213 nun»-

456 3216 587 3269 n'bus
628 3234 849 3289 agrorum.
900 3220 987 3278 Sed
1036 3224 1194 3290 magis
1255 3216 1450 3274 ciaffeut
1461 3257 1478 3283 ,
1498 3217 1802 3277 edocuiffint,
