2250 3850
475 248 632 321 ’188
825 302 831 307 -
959 248 1048 323 T.
1163 248 1650 328 L1V11'

235 344 620 422 u.e.42‹.dem
655 364 812 409 anno
847 346 1159 411 Privernas
1192 346 1414 410 bellum
1453 349 1707 414 initum:
1736 345 1907 430 cujus
1936 344 2029 411 foa

235 426 350 522 “2“
353 439 469 524 [κζ
485 425 564 487 cii
599 424 902 501 Fundani,
932 426 1052 489 dux
1079 428 1257 493 etiam
1285 429 1596 492 Fundanus
1621 429 1738 492 fuit
1760 475 1777 499 ,
1810 428 2028 493 Vitru-

231 537 410 583 Priver-
484 505 620 569 vius
659 511 897 569 Vaccus
922 556 938 581 ,
975 508 1066 571 vir
1101 528 1220 569 non
1256 506 1419 570 domi
1447 508 1675 584 solum,
1708 509 1804 570 sed
1838 507 2023 570 etiam

234 604 327 645 nas.
485 588 684 649 Roma:
711 586 926 651 clarus,
959 587 1109 651 aedes'
1148 586 1325 650 fuere·
1346 588 1409 650 in
1440 589 1669 651 Palatio
1694 588 1819 669 ejus
1839 636 1857 664 ,
1890 608 2028 669 quae

483 668 836 751 Vacciprata
870 710 888 740 ,
933 666 1135 729 diruto
1174 666 1422 731 aedificio
1464 668 1889 753 publicatoque
1929 669 2025 729 so·-

480 744 546 809 lo
564 793 584 821 ,
613 745 917 831 appellata.
943 747 1248 809 Adversus
1271 747 1431 810 hunc
1455 795 1474 823 ,
1501 748 1813 812 vastantem
1835 745 2027 811 effuse}

483 826 755 889 Setinum
793 826 1265 911 Norbanumque
1312 832 1377 890 δε
1424 832 1730 905 Coranum
1774 846 2025 907 agrum,

482 908 550 968 Ι..
578 905 844 991 Papirius
869 906 1175 988 profectus
1194 952 1212 982 ,
1249 906 1408 970 haud
1438 908 1648 990 procul
1674 906 1867 970 castris
1894 906 2026 985 ejus

480 986 766 1048 consedit.
801 986 1084 1051 Vitruvio
1107 997 1268 1063 ,nec
1304 1005 1374 1050 ut
1398 988 1556 1050 vallo
1586 990 1639 1049 se
1666 1005 1892 1049 teneret
1918 985 2024 1049 ad-

478 1064 684 1127 versus
708 1064 1056 1129 validiorem
1085 1066 1309 1130 hostem
1334 1112 1353 1141 ‚
1382 1068 1511 1130 sana
1532 1067 1792 1130 constare
1814 1086 1976 1129 mens
1996 1112 2022 1142 ,

475 1162 587 1206 nec
617 1163 686 1207 ut
710 1144 946 1229 longius
975 1148 1008 1209 a
1038 1146 1236 1209 castris
1258 1146 1567 1209 dimicaret
1587 1193 1607 1222 ‚
1635 1148 1862 1211 animus
1889 1149 1949 1211 su

477 1241 700 1305 petere.
734 1226 835 1288 vix
871 1226 1000 1290 tota
1032 1245 1199 1290 extra
1224 1244 1455 1311 portam
1487 1227 1808 1291 castrorum
1832 1248 1947 1311 exp
1974 1227 2027 1289 i-

481 1304 614 1365 cata
653 1306 777 1367 acie
803 1354 821 1382 ‚
863 1306 1068 1389 fugam
1109 1306 1295 1391 magis
1339 1324 1499 1369 retro
1538 1307 1721 1390 quam
1802 1308 2024 1370 raelium

481 1403 583 1446 aut
618 1384 846 1448 hostem
879 1386 1174 1472 spectante
1200 1385 1389 1450 milite
1408 1433 1428 1461 ,
1458 1385 1575 1449 fine
1600 1386 1757 1449 conii
1783 1388 1877 1463 io,
1902 1386 2021 1450 fine

484 1464 725 1528 audacia
763 1464 1102 1549 depugnat;
1134 1470 1232 1541 ὃς,
1264 1482 1333 1528 ut
1367 1466 1485 1529 levi
1520 1485 1824 1529 momento
1846 1513 1867 1540 ‚
1904 1486 2021 1528 nec

248 1556 468 1603 rmum·-
490 1545 764 1630 ambigue
799 1546 880 1607 est
909 1545 1134 1622 victus.³
1159 1545 1240 1607 ita
1266 1544 1555 1607 brevitate
1584 1546 1708 1629 ipsa
1734 1545 1852 1607 loci
1873 1590 1893 1618 ‚
1923 1544 2018 1606 fa-

236 1629 455 1669 '0‘'”⁴“·‘·
487 1625 711 1712 cilique
738 1644 979 1711 receptu
1006 1626 1068 1688 in
1093 1643 1214 1687 tam
1237 1624 1570 1709 propinqua
1596 1624 1775 1687 castra
1796 1670 1815 1699 ,
1857 1623 2024 1689 haud

487 1724 638 1789 aegre
677 1706 928 1769 militem
971 1706 1004 1768 a
1038 1705 1228 1768 multa
1264 1703 1421 1768 caede
1463 1705 1545 1767 est
1588 1723 1817 1768 tutatus
1857 1728 1872 1766 ε
1908 1725 2022 1769 nec

485 1786 612 1849 fere
639 1788 948 1869 quisquam
980 1786 1038 1847 in
1067 1786 1191 1870 ipso
1218 1784 1535 1848 certamine
1558 1832 1578 1860 ,
1602 1786 1773 1869 pauci
1801 1786 1863 1847 in
1891 1803 2018 1848 tur-

483 1866 560 1930 ba
594 1864 746 1959 fugae
775 1884 1044 1930 extremae
1066 1911 1084 1940 ,
1111 1886 1298 1950 quum
1325 1864 1383 1927 in
1400 1864 1589 1948 'castra
1616 1880 1885 1940 ruerent,
1916 1884 2023 1928 cae-

485 1945 526 2008 fi
553 1968 567 2007 :
593 1945 910 2029 pr1misque
942 1946 1201 2008 tenebris
1229 1946 1580 2008 Privernum
1603 1945 1744 2010 inde
1768 1945 2022 2030 petitum

483 2025 716 2106 agmine
758 2023 990 2108 trepido
1013 2072 1033 2100 ,
1078 2043 1149 2086 ut
1186 2025 1369 2087 muris
1413 2025 1611 2106 potius
1647 2027 1829 2109 quam
1864 2024 2023 2088 valio

481 2105 602 2166 sese
647 2121 999 2166 tutarentur.
1065 2109 1117 2164 A
1169 2105 1458 2167 Priverno
1506 2106 1775 2168 Plautius
1811 2152 1833 2181 ,
1875 2104 2025 2166 alter

485 2184 734 2261 consul,
774 2183 1111 2267 pervastatis
1148 2182 1345 2266 paffim
1385 2183 1537 2266 agris
1576 2185 1885 2278 praedaque
1921 2184 2042 2246 ab-·

483 2263 650 2339 aaa,
683 2265 743 2326 in
780 2283 984 2347 agrum
1023 2262 1366 2328 Fundanum
1402 2283 1733 2328 exercitum
1766 2264 2021 2328 inducit.

483 2345 851 2427 Ingredienti
875 2344 1020 2408 fines
1048 2345 1277 2406 senatus
1301 2344 1710 2424 Fundanorum
1737 2345 2025 2410 occur-rit.

485 2445 710 2507 negant
717 2429 782 2506 se
797 2443 898 2508 pro
925 2429 1188 2488 Vitruvio
1202 2429 1661 2508 festamqueejus
1672 2429 1880 2507 secut&
1896 2442 2027 2508 pre-

483 2525 672 2566 catum
706 2507 940 2588 vemffi’,
954 2509 1056 2584 sed
1071 2523 1175 2586 pro
1210 2509 1460 2566 Fundano
1477 2507 1711 2587 populo,
1738 2527 1901 2584 quem
1933 2527 2026 2565 ex-

484 2605 577 2644 tra
604 2585 823 2666 culpam
860 2584 1000 2644 belli
1033 2585 1126 2663 effi
1161 2585 1189 2642 ί
1209 2584 1338 2661 sum
1375 2585 1699 2644 Vitruvium
1718 2584 1983 2663 judicasti*
1998 2627 2021 2654 ,

481 2683 656 2743 quum
703 2662 1105 2743 receptaculum
1140 2601 1298 2739 ssgae
1341 2663 1673 2721 Privernum
1726 2662 1984 2722 habuerit
2000 2707 2023 2732 ,

481 2763 587 2800 non
604 2745 854 2822 patriam
878 2743 1109 2801 Fundos.
1142 2741 1408 2800 Priverni
1431 2740 1617 2820 igitur
1642 2740 1805 2818 hostes
1826 2759 1895 2822 po
1933 2742 2029 2804 ult·

482 2822 718 2884 Romani
733 2823 1044 2902 querendos
1059 2821 1555 2901 persequendosque
1581 2819 1673 2901 effe
1693 2863 1714 2890 ,
1739 2823 1844 2902 qui
1885 2824 2026 2885 amul

483 2903 520 2963 ἁ
553 2896 827 2964 Εαιὲάαηίε
859 2923 926 2961 αι·
960 2901 1220 2963 Romanis
1237 2940 1260 2971 ‚
1294 2906 1317 2948 ³
1360 2901 1645 2982 utriusque
1675 2902 1878 2983 patria
1912 2905 2026 2964 im·-

481 3001 744 3046 memores
774 3025 793 3054 ,
841 2982 1159 3062 dejecerint.
1210 2980 1488 3040 Fundanis
1516 2997 1712 3064 pacem
1756 2981 1850 3064 effi
1880 3024 1900 3052 ,
1949 2983 2023 3050 ὰ

555 3127 574 3171 3
629 3111 808 3178 verius
855 3127 880 3159 e
920 3111 1115 3180 patrie]
1165 3115 1223 3160 Et
1284 3125 1420 3160 etam
1448 3143 1465 3170 ,
1503 3111 1537 3160 ii
1572 3086 1785 3162 Romam
1816 3110 2023 3175 patriam

481 3175 773 3236 fundorum,
861 3180 1048 3226 Romae.
1065 3180 1223 3234 Quot·
1286 3175 1545 3226 habebant.
1584 3175 1668 3224 Sed
1698 3177 1732 3222 ii
1763 3177 1843 3238 qui
1864 3177 2021 3226 nasce.-

483 3253 612 3305 quot
653 3245 782 3292 enim
839 3243 959 3292 cives
1011 3243 1225 3292 Romani
1288 3241 1460 3318 baqtut
1494 3243 1548 3290 iu
1578 3241 1843 3305 municipiis
1858 3273 1875 3300 ,
1898 3239 2017 3290 alte·
