2250 3850
541 201 703 302 380
1005 199 1099 278 Τ.
1193 201 1262 278 L
1315 226 1352 278 1
1405 223 1459 278 v
1513 226 1546 277 1
1595 223 1632 276 1

292 318 529 374 v.e.4‹‚.
550 320 730 383 quam
782 297 1009 362 clamor
1054 299 1370 364 tolleretur
1393 347 1415 377 ,
1459 313 1918 367 concurreretur
1961 315 2036 364 ue
2055 341 2075 376 ,

298 379 405 424 ²·C·
424 391 528 432 ²⁹³·
550 376 755 442 emiffo
796 395 1021 442 temere
1104 379 1188 442 ilo
1223 379 1378 442 istus
1415 379 1702 462 pullarius
1743 397 1884 442 ante
1950 397 2074 461 tgna

296 431 501 542 εαὲζῗᾶ.
550 457 793 522 cecidit.
834 457 1002 543 quod
1028 482 1073 526 u
1114 460 1136 522 i
1171 457 1398 522 consuli
1437 462 1788 524 nunciatum
1823 458 1944 532 est,
1971 460 2076 519 Dis·

299 542 431 594 ‘⁴⁶‘ss-
552 543 617 602 ἐκ
644 537 841 622 praeh‘o
858 543 992 618 sunt
1008 581 1029 608 ,
1053 539 1250 622 inquit
1265 558 1289 604 ε
1313 543 1472 600 habet
1502 561 1714 622 poenam
1739 543 1964 600 noxium
1990 559 2075 598 ca-

540 636 674 702 put.
715 622 877 682 Ante
912 619 1215 684 consulem
1243 621 1369 682 haec
1401 617 1700 684 dicentem
1726 637 1949 682 corvus
1978 638 2078 681 vo-

546 717 623 761 ce
663 696 819 762 clari
852 698 1162 762 occinuit:
1223 720 1304 762 uo
1338 698 1506 762 laetus
1543 698 1798 782 augurio
1835 695 2033 760 consul
2054 741 2078 771 ‚

484 825 503 832 -
546 780 841 842 affirmans
876 797 1180 860 nunquam
1257 779 1481 842 umanis
1513 780 1689 842 rebus
1723 779 1912 861 magis
1945 796 2080 861 proe-

547 859 743 920 sentes
784 855 1111 921 interfuisse
1135 857 1282 922 deos
1310 905 1330 935 ‚
1367 857 1521 942 figna
1564 879 1819 933 canere,
1859 861 1927 922 &
1966 855 2080 920 clav

546 957 777 1002 morem
811 936 941 999 tolli
968 937 1144 1015 juffit.
1592 1013 1600 1023 ·

626 1021 776 1078 XLI.
823 1016 1091 1080 Praelium
1141 1015 1507 1085 commissum
1549 1035 1722 1082 atrox
1757 1041 1774 1080 ι
1820 1014 2078 1080 ceterum

542 1093 722 1177 longe
742 1093 1067 1178 disparibus
1086 1098 1314 1160 animis,
1345 1101 1640 1160 Romanos
1661 1099 1743 1160 ira
1765 1143 1782 1171 ,
1813 1099 1978 1190 speS‚
1999 1118 2076 1188 ar-

542 1171 654 1236 dor
700 1176 1071 1250 cettaznini5‚
1098 1176 1304 1239 avidos
1351 1175 1608 1238 hostium
1649 1176 1988 1259 sanguinis,
2020 1196 2076 1238 m

412 1287 439 1308 .
540 1251 806 1337 prae'lium
833 1255 985 1338 rapit
1009 1277 1025 1316 ε
1054 1255 1405 1318 Samnitium
1437 1261 1704 1338 magnam
1730 1275 1964 1340 partem
1985 1276 2077 1318 ne·

543 1331 773 1396 cessitas
798 1356 868 1398 ac
896 1335 1106 1418 religio
1133 1335 1351 1400 invitos
1377 1336 1562 1418 magis
1587 1336 1846 1400 refistere
1858 1336 2074 1421 ,quam

544 1411 767 1476 inferre
786 1434 1063 1498 pugnam,
1080 1416 1266 1498 cogit.
1290 1436 1400 1478 nec
1422 1415 1809 1482 sustinuissent
1823 1417 2076 1500 primum

542 1491 867 1556 clamorem
882 1513 1062 1577 atque
1091 1497 1378 1578 impetum
1402 1499 1798 1572 Romanorum
1815 1543 1836 1572 ‚
1859 1518 1965 1580 per
1983 1496 2076 1560 ali·

543 1589 701 1654 quot
720 1573 835 1652 jam
860 1595 1041 1636 annos
1066 1575 1227 1638 vinci
1249 1574 1450 1639 assueti
1465 1622 1484 1651 ‚
1513 1575 1572 1638 ni
1639 1577 1909 1640 otentior
1935 1577 2078 1640 alius

540 1669 740 1714 metus
794 1651 1041 1716 inficiens
1092 1654 1432 1738 petitoribus
1480 1654 1513 1716 a
1595 1674 1706 1738 uga
1767 1657 2073 1720 retineret.

542 1731 792 1824 Quippe
814 1733 875 1795 in
896 1734 1091 1797 oculis
1108 1753 1234 1796 erat
1260 1734 1450 1796 omnis
1470 1734 1570 1797 ille
1592 1735 1819 1812 occulti
1841 1753 2074 1821 paratus

540 1811 692 1872 sacri
709 1857 729 1886 ‚
750 1815 815 1874 &
842 1813 1047 1876 armati
1070 1813 1400 1876 sacerdotes
1414 1861 1435 1889 ,
1456 1817 1516 1876 δε
1535 1815 1870 1899 promiscua
1889 1815 2077 1880 homi-

538 1907 684 1953 num
714 1891 1133 1977 pecudumque
1159 1892 1373 1977 strages
1393 1940 1414 1971 ,
1453 1895 1516 1957 δε
1549 1896 1808 1981 respersae
1840 1907 1863 1941 ¹
1895 1894 2073 1965 fando

536 1968 923 2053 nefandoque
952 1970 1230 2053 sanguine
1272 1994 1380 2035 arae
1401 2016 1421 2047 ‚
1459 1976 1520 2037 &
1553 1974 1678 2038 dira
1706 1978 2070 2053 exsecratio,

536 2068 606 2109 ac
628 2046 839 2111 furiale
861 2070 1095 2113 carmen
1117 2096 1138 2125 ,
1168 2052 1514 2115 detestandae
1540 2052 1770 2117 familia·
1789 2058 1890 2119 stir
1935 2058 2072 2142 ique

537 2126 950 2211 compositum.
970 2129 1062 2205 his
1083 2130 1338 2193 vinculis
1365 2130 1517 2215 fugae
1535 2134 1798 2199 obstricti
1817 2136 1894 2199 sta
1943 2154 2072 2211 ant,

536 2204 735 2269 civem
778 2210 961 2352 maffis
1002 2210 1187 2292 quam
1229 2210 1457 2275 hostem
1498 2213 1797 2279 timentes·
1855 2216 2071 2283 Instare

535 2286 835 2350 Romanus
948 2304 1137 2353 cornu
1174 2308 1436 2373 utroque
1457 2339 1478 2367 ,
1503 2293 1536 2356 ὲ
1571 2294 1762 2358 media
1800 2297 1927 2361 acie
1952 2344 1973 2373 ‚
2003 2300 2068 2361 &

535 2365 762 2429 caedere
800 2367 1049 2432 deorum
1085 2369 1519 2458 hominumque
1553 2376 1840 2439 attonitos
1883 2393 2070 2441 metu.

536 2465 901 2529 repugnatur
925 2450 1218 2533 segniter,
1258 2470 1327 2516 ut
1353 2453 1426 2517 ab
1447 2453 1521 2517 iis
1546 2475 1697 2537 quos
1723 2456 1902 2519 tim‘oi·
1930 2478 2067 2519 mo·

530 2542 764 2591 raretut
792 2527 826 2589 ὲ
852 2527 1015 2611 fuga.
1055 2536 1090 2593 J
1092 2552 1188 2594 am
1213 2553 1397 2616 prope
1426 2532 1496 2593 ad
1521 2532 1674 2612 figna
1713 2532 1899 2597 caedes
1931 2557 2070 2618 per-

526 2623 775 2669 venerat
794 2650 812 2682 ‚
834 2628 1023 2691 quum
1060 2631 1133 2672 ex
1164 2612 1480 2675 transverso
1515 2608 1744 2691 pulvis,
1768 2610 1942 2690 velut
1973 2615 2066 2679 in-

526 2684 725 2765 gentis
772 2689 1018 2769 agminis
1062 2686 1282 2751 incessu
1324 2704 1523 2778 motus
1553 2735 1575 2764 ‚
1623 2692 1914 2777 apparuit.
1962 2702 2061 2779 Sp.

524 2763 787 2828 Nautius
830 2768 1198 2845 (Octavium
1223 2771 1476 2831 Metium
1503 2768 1746 2854 quidam
1772 2792 1908 2837 eum
1937 2790 2061 2839 tra·

524 2840 723 2923 dunt)
746 2843 867 2909 dux
902 2847 1154 2910 alaribus
1185 2845 1537 2912 cohortibus
1566 2868 1711 2913 erat.
1747 2853 2056 2934 pulverem

523 2923 807 3005 majorem
846 2926 1025 3007 quaim
1060 2946 1170 3008 pro
1204 2945 1464 2991 numero
1507 2930 1844 2997 excitabant
1867 2959 1886 2997 ε
1915 2933 2054 3010 inu-

589 3066 609 3102 1
649 3036 803 3102 Fando
838 3050 1116 3120 nefandoque
1140 3052 1252 3119 san·
1317 3054 1367 3105 di
1387 3074 1402 3116 3
1426 3060 1476 3109 &
1504 3059 1762 3112 hominum
1793 3064 1872 3113 san
1905 3066 2049 3125 uine,

512 3124 685 3227 ⁴smne]
743 3119 795 3166 Et
843 3117 1066 3182 sanguine
1106 3133 1250 3183 pecu-
1317 3124 1400 3186 qui
1431 3120 1524 3173 fine
1555 3126 1722 3179 scelere
1750 3123 1824 3179 eff
1912 3132 2050 3183 'non

552 3192 641 3236 utu-
660 3212 680 3242 ,
722 3178 965 3251 quemfas
998 3197 1100 3235 erat
1137 3182 1251 3237 fun-
1316 3200 1522 3253 poterat.
