<?xml version="1.0" encoding="UTF-8"?>
<!DOCTYPE html PUBLIC "-//W3C//DTD XHTML 1.0 Transitional//EN"
    "http://www.w3.org/TR/xhtml1/DTD/xhtml1-transitional.dtd">
<html xmlns="http://www.w3.org/1999/xhtml" xml:lang="en" lang="en">
 <head>
  <title>
</title>
<meta http-equiv="Content-Type" content="text/html;charset=utf-8" />
  <meta name='ocr-system' content='tesseract 3.04.00' />
  <meta name='ocr-capabilities' content='ocr_page ocr_carea ocr_par ocr_line ocrx_word'/>
</head>
<body>
  <div class='ocr_page' id='page_1' title='image "./tliviihistoriar01unkngoog_0386.png"; bbox 0 0 2250 3850; ppageno 0'>
   <div class='ocr_carea' id='block_1_1' title="bbox 118 237 2015 2771">
    <p class='ocr_par' dir='ltr' id='par_1_1' title="bbox 118 237 2015 2771">
     <span class='ocr_line' id='line_1_1' title="bbox 614 237 1722 344; baseline 0.003 -28"><span class='ocrx_word' id='word_1_1' title='bbox 614 242 1077 324; x_wconf 71' lang='lat' dir='ltr'>Ljrnzn</span> <span class='ocrx_word' id='word_1_2' title='bbox 1183 237 1362 319; x_wconf 80' lang='lat' dir='ltr'>X..</span> <span class='ocrx_word' id='word_1_3' title='bbox 1464 309 1474 318; x_wconf 91' lang='lat'><strong>.</strong></span> <span class='ocrx_word' id='word_1_4' title='bbox 1561 244 1722 344; x_wconf 74' lang='lat'>387</span> 
     </span>
     <span class='ocr_line' id='line_1_2' title="bbox 178 339 2015 428; baseline -0.001 -20"><span class='ocrx_word' id='word_1_5' title='bbox 178 339 383 423; x_wconf 76' lang='lat' dir='ltr'>Hujus</span> <span class='ocrx_word' id='word_1_6' title='bbox 402 340 613 426; x_wconf 85' lang='lat' dir='ltr'>propin</span> <span class='ocrx_word' id='word_1_7' title='bbox 660 341 813 404; x_wconf 86' lang='lat' dir='ltr'>uitas</span> <span class='ocrx_word' id='word_1_8' title='bbox 840 339 1048 428; x_wconf 87' lang='lat' dir='ltr'>populi</span> <span class='ocrx_word' id='word_1_9' title='bbox 1087 340 1253 404; x_wconf 85' lang='lat' dir='ltr'>acuit</span> <span class='ocrx_word' id='word_1_10' title='bbox 1285 359 1492 405; x_wconf 86' lang='lat' dir='ltr'>curam</span> <span class='ocrx_word' id='word_1_11' title='bbox 1533 345 1727 407; x_wconf 85' lang='lat' dir='ltr'>Patri·</span> <span class='ocrx_word' id='word_1_12' title='bbox 1749 371 1982 426; x_wconf 72' lang='lat' dir='ltr'>u,c.4„,</span> <span class='ocrx_word' id='word_1_13' title='bbox 2009 367 2015 372; x_wconf 95' lang='lat'>·</span> 
     </span>
     <span class='ocr_line' id='line_1_3' title="bbox 180 421 1978 507; baseline -0.001 -21"><span class='ocrx_word' id='word_1_14' title='bbox 180 423 333 498; x_wconf 88' lang='lat' dir='ltr'>bus,</span> <span class='ocrx_word' id='word_1_15' title='bbox 365 440 434 486; x_wconf 89' lang='lat' dir='ltr'>ut</span> <span class='ocrx_word' id='word_1_16' title='bbox 471 421 624 485; x_wconf 84' lang='lat' dir='ltr'>secia</span> <span class='ocrx_word' id='word_1_17' title='bbox 650 441 713 484; x_wconf 88' lang='lat' dir='ltr'>es</span> <span class='ocrx_word' id='word_1_18' title='bbox 757 421 1084 486; x_wconf 89' lang='lat' dir='ltr'>mittendos</span> <span class='ocrx_word' id='word_1_19' title='bbox 1122 421 1195 484; x_wconf 83' lang='lat' dir='ltr'>ad</span> <span class='ocrx_word' id='word_1_20' title='bbox 1244 441 1338 484; x_wconf 88' lang='lat' dir='ltr'>res</span> <span class='ocrx_word' id='word_1_21' title='bbox 1376 424 1723 507; x_wconf 84' lang='lat' dir='ltr'>repetendas</span> <span class='ocrx_word' id='word_1_22' title='bbox 1747 429 1978 483; x_wconf 57' lang='lat' dir='ltr'>meass-</span> 
     </span>
     <span class='ocr_line' id='line_1_4' title="bbox 183 502 1725 576; baseline 0.003 -11"><span class='ocrx_word' id='word_1_23' title='bbox 183 505 509 566; x_wconf 87' lang='lat' dir='ltr'><strong>censerent.</strong></span> <span class='ocrx_word' id='word_1_24' title='bbox 598 502 773 567; x_wconf 90' lang='lat' dir='ltr'>uibus</span> <span class='ocrx_word' id='word_1_25' title='bbox 800 523 919 566; x_wconf 92' lang='lat' dir='ltr'>non</span> <span class='ocrx_word' id='word_1_26' title='bbox 945 502 1190 566; x_wconf 85' lang='lat' dir='ltr'><strong>redditis</strong></span> <span class='ocrx_word' id='word_1_27' title='bbox 1211 547 1230 576; x_wconf 91' lang='lat'>,</span> <span class='ocrx_word' id='word_1_28' title='bbox 1269 523 1343 565; x_wconf 88' lang='lat' dir='ltr'>ex</span> <span class='ocrx_word' id='word_1_29' title='bbox 1369 503 1725 571; x_wconf 64' lang='lat' dir='ltr'>auctoritate</span> 
     </span>
     <span class='ocr_line' id='line_1_5' title="bbox 118 580 1729 668; baseline 0.003 -22"><span class='ocrx_word' id='word_1_30' title='bbox 118 597 125 604; x_wconf 84' lang='lat'><em>·</em></span> <span class='ocrx_word' id='word_1_31' title='bbox 184 583 433 646; x_wconf 88' lang='lat' dir='ltr'>Patrum</span> <span class='ocrx_word' id='word_1_32' title='bbox 471 583 533 664; x_wconf 91' lang='lat' dir='ltr'>ju</span> <span class='ocrx_word' id='word_1_33' title='bbox 582 605 619 647; x_wconf 92' lang='lat' dir='ltr'>u</span> <span class='ocrx_word' id='word_1_34' title='bbox 665 606 744 668; x_wconf 88' lang='lat' dir='ltr'>po</span> <span class='ocrx_word' id='word_1_35' title='bbox 787 583 872 647; x_wconf 92' lang='lat' dir='ltr'>uli</span> <span class='ocrx_word' id='word_1_36' title='bbox 908 582 1136 646; x_wconf 86' lang='lat' dir='ltr'>bellurn</span> <span class='ocrx_word' id='word_1_37' title='bbox 1169 580 1404 647; x_wconf 83' lang='lat' dir='ltr'>Faliscis</span> <span class='ocrx_word' id='word_1_38' title='bbox 1437 583 1729 650; x_wconf 67' lang='lat' dir='ltr'>indiCkum</span> 
     </span>
     <span class='ocr_line' id='line_1_6' title="bbox 182 661 1732 748; baseline 0.001 -20"><span class='ocrx_word' id='word_1_39' title='bbox 182 663 309 728; x_wconf 74' lang='lat' dir='ltr'>estt</span> <span class='ocrx_word' id='word_1_40' title='bbox 344 662 593 748; x_wconf 80' lang='lat' dir='ltr'>jussique</span> <span class='ocrx_word' id='word_1_41' title='bbox 622 684 737 727; x_wconf 91' lang='lat' dir='ltr'>con</span> <span class='ocrx_word' id='word_1_42' title='bbox 767 663 895 727; x_wconf 89' lang='lat' dir='ltr'>ules</span> <span class='ocrx_word' id='word_1_43' title='bbox 929 661 1164 740; x_wconf 88' lang='lat' dir='ltr'>sortiri,</span> <span class='ocrx_word' id='word_1_44' title='bbox 1207 680 1342 726; x_wconf 89' lang='lat' dir='ltr'>uter</span> <span class='ocrx_word' id='word_1_45' title='bbox 1365 683 1439 726; x_wconf 86' lang='lat' dir='ltr'>ex</span> <span class='ocrx_word' id='word_1_46' title='bbox 1487 665 1732 730; x_wconf 88' lang='lat' dir='ltr'>Samnio</span> 
     </span>
     <span class='ocr_line' id='line_1_7' title="bbox 186 742 1734 816; baseline 0.001 -8"><span class='ocrx_word' id='word_1_47' title='bbox 186 742 251 808; x_wconf 84' lang='lat' dir='ltr'>in</span> <span class='ocrx_word' id='word_1_48' title='bbox 276 743 569 807; x_wconf 83' lang='lat' dir='ltr'>Etruriam</span> <span class='ocrx_word' id='word_1_49' title='bbox 599 765 739 816; x_wconf 78' lang='lat' dir='ltr'>cum</span> <span class='ocrx_word' id='word_1_50' title='bbox 776 743 1047 808; x_wconf 84' lang='lat' dir='ltr'>exercitu</span> <span class='ocrx_word' id='word_1_51' title='bbox 1073 743 1355 807; x_wconf 77' lang='lat' dir='ltr'>transtret.</span> <span class='ocrx_word' id='word_1_52' title='bbox 1406 751 1443 807; x_wconf 87' lang='lat' dir='ltr'>J</span> <span class='ocrx_word' id='word_1_53' title='bbox 1447 765 1540 806; x_wconf 88' lang='lat' dir='ltr'>am</span> <span class='ocrx_word' id='word_1_54' title='bbox 1579 751 1734 810; x_wconf 87' lang='lat' dir='ltr'>Car-</span> 
     </span>
     <span class='ocr_line' id='line_1_8' title="bbox 184 822 1732 902; baseline 0.001 -12"><span class='ocrx_word' id='word_1_55' title='bbox 184 822 373 895; x_wconf 82' lang='lat' dir='ltr'>vilius</span> <span class='ocrx_word' id='word_1_56' title='bbox 393 824 679 888; x_wconf 87' lang='lat' dir='ltr'>Volanam</span> <span class='ocrx_word' id='word_1_57' title='bbox 701 872 721 902; x_wconf 91' lang='lat'>,</span> <span class='ocrx_word' id='word_1_58' title='bbox 771 828 832 889; x_wconf 87' lang='lat'>&amp;</span> <span class='ocrx_word' id='word_1_59' title='bbox 862 823 1275 890; x_wconf 73' lang='lat' dir='ltr'>Palumbinum</span> <span class='ocrx_word' id='word_1_60' title='bbox 1296 869 1316 899; x_wconf 86' lang='lat'>‚</span> <span class='ocrx_word' id='word_1_61' title='bbox 1355 827 1418 887; x_wconf 89' lang='lat'>&amp;</span> <span class='ocrx_word' id='word_1_62' title='bbox 1444 826 1732 891; x_wconf 87' lang='lat' dir='ltr'>Hercula-</span> 
     </span>
     <span class='ocr_line' id='line_1_9' title="bbox 190 904 1734 990; baseline 0.001 -20"><span class='ocrx_word' id='word_1_63' title='bbox 190 924 375 970; x_wconf 88' lang='lat' dir='ltr'>neum</span> <span class='ocrx_word' id='word_1_64' title='bbox 399 925 475 968; x_wconf 85' lang='lat' dir='ltr'>ex</span> <span class='ocrx_word' id='word_1_65' title='bbox 524 905 887 970; x_wconf 87' lang='lat' dir='ltr'>Samnitibus</span> <span class='ocrx_word' id='word_1_66' title='bbox 912 923 1151 990; x_wconf 85' lang='lat' dir='ltr'><strong>ceperat</strong></span> <span class='ocrx_word' id='word_1_67' title='bbox 1192 904 1535 980; x_wconf 58' lang='lat' dir='ltr'>:Nolanam</span> <span class='ocrx_word' id='word_1_68' title='bbox 1577 907 1734 972; x_wconf 85' lang='lat' dir='ltr'>intra</span> 
     </span>
     <span class='ocr_line' id='line_1_10' title="bbox 188 985 1737 1070; baseline 0.003 -22"><span class='ocrx_word' id='word_1_69' title='bbox 188 1005 419 1070; x_wconf 85' lang='lat' dir='ltr'>paucos</span> <span class='ocrx_word' id='word_1_70' title='bbox 444 985 592 1062; x_wconf 78' lang='lat' dir='ltr'>dieS‚</span> <span class='ocrx_word' id='word_1_71' title='bbox 610 986 1025 1050; x_wconf 85' lang='lat' dir='ltr'>Palumbinum</span> <span class='ocrx_word' id='word_1_72' title='bbox 1039 985 1254 1050; x_wconf 90' lang='lat' dir='ltr'>eodem</span> <span class='ocrx_word' id='word_1_73' title='bbox 1279 1008 1405 1070; x_wconf 89' lang='lat' dir='ltr'>quo</span> <span class='ocrx_word' id='word_1_74' title='bbox 1430 985 1504 1049; x_wconf 86' lang='lat' dir='ltr'>ad</span> <span class='ocrx_word' id='word_1_75' title='bbox 1529 1008 1737 1052; x_wconf 87' lang='lat' dir='ltr'>muros</span> 
     </span>
     <span class='ocr_line' id='line_1_11' title="bbox 190 1064 1736 1150; baseline 0.002 -22"><span class='ocrx_word' id='word_1_76' title='bbox 190 1064 447 1129; x_wconf 85' lang='lat' dir='ltr'>acceffit.</span> <span class='ocrx_word' id='word_1_77' title='bbox 488 1066 586 1129; x_wconf 87' lang='lat' dir='ltr'>Ad</span> <span class='ocrx_word' id='word_1_78' title='bbox 609 1067 1048 1131; x_wconf 81' lang='lat' dir='ltr'>Herculaneum</span> <span class='ocrx_word' id='word_1_79' title='bbox 1073 1065 1166 1130; x_wconf 91' lang='lat' dir='ltr'>bis</span> <span class='ocrx_word' id='word_1_80' title='bbox 1188 1067 1368 1130; x_wconf 88' lang='lat' dir='ltr'>etiam</span> <span class='ocrx_word' id='word_1_81' title='bbox 1394 1066 1567 1150; x_wconf 79' lang='lat' dir='ltr'>lignis</span> <span class='ocrx_word' id='word_1_82' title='bbox 1601 1068 1736 1131; x_wconf 90' lang='lat' dir='ltr'>col-</span> 
     </span>
     <span class='ocr_line' id='line_1_12' title="bbox 188 1145 1730 1240; baseline 0.003 -32"><span class='ocrx_word' id='word_1_83' title='bbox 188 1145 326 1209; x_wconf 88' lang='lat' dir='ltr'>latis</span> <span class='ocrx_word' id='word_1_84' title='bbox 352 1147 594 1240; x_wconf 85' lang='lat' dir='ltr'>ancipiti</span> <span class='ocrx_word' id='word_1_85' title='bbox 621 1147 818 1231; x_wconf 82' lang='lat' dir='ltr'>praelio</span> <span class='ocrx_word' id='word_1_86' title='bbox 843 1195 862 1223; x_wconf 92' lang='lat'>,</span> <span class='ocrx_word' id='word_1_87' title='bbox 904 1151 967 1211; x_wconf 73' lang='grc' dir='ltr'>δε</span> <span class='ocrx_word' id='word_1_88' title='bbox 989 1167 1129 1226; x_wconf 87' lang='lat' dir='ltr'>cum</span> <span class='ocrx_word' id='word_1_89' title='bbox 1160 1147 1379 1230; x_wconf 86' lang='lat' dir='ltr'>majore</span> <span class='ocrx_word' id='word_1_90' title='bbox 1407 1149 1506 1210; x_wconf 87' lang='lat' dir='ltr'>sua</span> <span class='ocrx_word' id='word_1_91' title='bbox 1545 1148 1730 1233; x_wconf 73' lang='lat' dir='ltr'>quam</span> 
     </span>
     <span class='ocr_line' id='line_1_13' title="bbox 191 1226 1732 1314; baseline 0.001 -23"><span class='ocrx_word' id='word_1_92' title='bbox 191 1226 450 1291; x_wconf 88' lang='lat' dir='ltr'>hostium</span> <span class='ocrx_word' id='word_1_93' title='bbox 475 1227 697 1311; x_wconf 61' lang='lat' dir='ltr'>,astura</span> <span class='ocrx_word' id='word_1_94' title='bbox 721 1274 741 1304; x_wconf 86' lang='lat'><strong>‚</strong></span> <span class='ocrx_word' id='word_1_95' title='bbox 769 1226 1091 1292; x_wconf 83' lang='lat' dir='ltr'>dimicavit.</span> <span class='ocrx_word' id='word_1_96' title='bbox 1120 1227 1341 1292; x_wconf 85' lang='lat' dir='ltr'>Castris</span> <span class='ocrx_word' id='word_1_97' title='bbox 1371 1226 1586 1290; x_wconf 90' lang='lat' dir='ltr'>deinde</span> <span class='ocrx_word' id='word_1_98' title='bbox 1615 1251 1732 1314; x_wconf 86' lang='lat' dir='ltr'>po·</span> 
     </span>
     <span class='ocr_line' id='line_1_14' title="bbox 192 1307 1731 1394; baseline 0.001 -24"><span class='ocrx_word' id='word_1_99' title='bbox 192 1307 315 1370; x_wconf 85' lang='lat' dir='ltr'>fitis</span> <span class='ocrx_word' id='word_1_100' title='bbox 345 1350 365 1378; x_wconf 91' lang='lat'><strong>,</strong></span> <span class='ocrx_word' id='word_1_101' title='bbox 405 1307 715 1373; x_wconf 85' lang='lat' dir='ltr'>moenibus</span> <span class='ocrx_word' id='word_1_102' title='bbox 757 1307 986 1370; x_wconf 88' lang='lat' dir='ltr'>hostem</span> <span class='ocrx_word' id='word_1_103' title='bbox 1024 1308 1275 1373; x_wconf 81' lang='lat' dir='ltr'>inclufit.</span> <span class='ocrx_word' id='word_1_104' title='bbox 1321 1327 1731 1394; x_wconf 88' lang='lat' dir='ltr'>oppugnatum</span> 
     </span>
     <span class='ocr_line' id='line_1_15' title="bbox 194 1386 1741 1472; baseline 0.002 -22"><span class='ocrx_word' id='word_1_105' title='bbox 194 1386 488 1470; x_wconf 82' lang='lat' dir='ltr'>oppidum</span> <span class='ocrx_word' id='word_1_106' title='bbox 518 1432 538 1462; x_wconf 86' lang='lat'><strong>‚</strong></span> <span class='ocrx_word' id='word_1_107' title='bbox 578 1403 960 1472; x_wconf 86' lang='lat' dir='ltr'>captumque.</span> <span class='ocrx_word' id='word_1_108' title='bbox 998 1391 1071 1450; x_wconf 91' lang='lat' dir='ltr'>In</span> <span class='ocrx_word' id='word_1_109' title='bbox 1107 1387 1202 1452; x_wconf 88' lang='lat' dir='ltr'>his</span> <span class='ocrx_word' id='word_1_110' title='bbox 1250 1386 1440 1450; x_wconf 89' lang='lat' dir='ltr'>tribus</span> <span class='ocrx_word' id='word_1_111' title='bbox 1484 1387 1741 1453; x_wconf 82' lang='lat' dir='ltr'>urbibus</span> 
     </span>
     <span class='ocr_line' id='line_1_16' title="bbox 196 1467 1740 1552; baseline 0.002 -22"><span class='ocrx_word' id='word_1_112' title='bbox 196 1484 371 1552; x_wconf 87' lang='lat' dir='ltr'>capta</span> <span class='ocrx_word' id='word_1_113' title='bbox 393 1483 497 1531; x_wconf 91' lang='lat' dir='ltr'>aut</span> <span class='ocrx_word' id='word_1_114' title='bbox 519 1471 657 1532; x_wconf 74' lang='lat' dir='ltr'>caesa</span> <span class='ocrx_word' id='word_1_115' title='bbox 696 1467 787 1531; x_wconf 83' lang='lat' dir='ltr'>ad‘</span> <span class='ocrx_word' id='word_1_116' title='bbox 807 1467 1017 1533; x_wconf 87' lang='lat' dir='ltr'>decem</span> <span class='ocrx_word' id='word_1_117' title='bbox 1048 1468 1230 1532; x_wconf 89' lang='lat' dir='ltr'>millia</span> <span class='ocrx_word' id='word_1_118' title='bbox 1267 1467 1577 1533; x_wconf 89' lang='lat' dir='ltr'>hominum</span> <span class='ocrx_word' id='word_1_119' title='bbox 1600 1516 1621 1545; x_wconf 90' lang='lat'>‚</span> <span class='ocrx_word' id='word_1_120' title='bbox 1655 1470 1740 1533; x_wconf 83' lang='lat' dir='ltr'>ita</span> 
     </span>
     <span class='ocr_line' id='line_1_17' title="bbox 196 1548 1742 1638; baseline -0.001 -25"><span class='ocrx_word' id='word_1_121' title='bbox 196 1562 479 1632; x_wconf 78' lang='lat' dir='ltr'>utparvo</span> <span class='ocrx_word' id='word_1_122' title='bbox 505 1548 824 1613; x_wconf 87' lang='lat' dir='ltr'>admodum</span> <span class='ocrx_word' id='word_1_123' title='bbox 850 1550 1047 1632; x_wconf 88' lang='lat' dir='ltr'>plures</span> <span class='ocrx_word' id='word_1_124' title='bbox 1072 1566 1443 1638; x_wconf 84' lang='lat' dir='ltr'>caperentur.</span> <span class='ocrx_word' id='word_1_125' title='bbox 1479 1549 1742 1614; x_wconf 89' lang='lat' dir='ltr'>Sortien-</span> 
     </span>
     <span class='ocr_line' id='line_1_18' title="bbox 193 1627 1742 1712; baseline 0 -20"><span class='ocrx_word' id='word_1_126' title='bbox 193 1627 358 1692; x_wconf 84' lang='lat' dir='ltr'>tibus</span> <span class='ocrx_word' id='word_1_127' title='bbox 400 1629 733 1712; x_wconf 86' lang='lat' dir='ltr'>provincias</span> <span class='ocrx_word' id='word_1_128' title='bbox 774 1629 1119 1694; x_wconf 88' lang='lat' dir='ltr'>consulibus</span> <span class='ocrx_word' id='word_1_129' title='bbox 1156 1677 1179 1708; x_wconf 95' lang='lat'>,</span> <span class='ocrx_word' id='word_1_130' title='bbox 1235 1629 1468 1693; x_wconf 81' lang='lat' dir='ltr'>Etruria</span> <span class='ocrx_word' id='word_1_131' title='bbox 1494 1635 1498 1640; x_wconf 87' lang='lat'>&#39;</span> <span class='ocrx_word' id='word_1_132' title='bbox 1524 1629 1742 1694; x_wconf 84' lang='lat' dir='ltr'>Carvi-</span> 
     </span>
     <span class='ocr_line' id='line_1_19' title="bbox 198 1708 1744 1792; baseline 0.001 -20"><span class='ocrx_word' id='word_1_133' title='bbox 198 1708 287 1773; x_wconf 86' lang='lat' dir='ltr'>lio</span> <span class='ocrx_word' id='word_1_134' title='bbox 319 1709 519 1772; x_wconf 86' lang='lat' dir='ltr'>evenit</span> <span class='ocrx_word' id='word_1_135' title='bbox 543 1754 564 1786; x_wconf 89' lang='lat'><strong>,</strong></span> <span class='ocrx_word' id='word_1_136' title='bbox 608 1709 935 1774; x_wconf 77' lang='lat' dir='ltr'>secundum</span> <span class='ocrx_word' id='word_1_137' title='bbox 976 1728 1119 1774; x_wconf 89' lang='lat' dir='ltr'>vota</span> <span class='ocrx_word' id='word_1_138' title='bbox 1161 1710 1421 1774; x_wconf 88' lang='lat' dir='ltr'>militum</span> <span class='ocrx_word' id='word_1_139' title='bbox 1440 1756 1460 1785; x_wconf 92' lang='lat'>,</span> <span class='ocrx_word' id='word_1_140' title='bbox 1488 1709 1594 1792; x_wconf 90' lang='lat' dir='ltr'>qui</span> <span class='ocrx_word' id='word_1_141' title='bbox 1618 1710 1744 1774; x_wconf 87' lang='lat' dir='ltr'>vim</span> 
     </span>
     <span class='ocr_line' id='line_1_20' title="bbox 199 1787 1746 1875; baseline -0.001 -22"><span class='ocrx_word' id='word_1_142' title='bbox 199 1787 444 1872; x_wconf 85' lang='lat' dir='ltr'>frigoris</span> <span class='ocrx_word' id='word_1_143' title='bbox 467 1789 581 1870; x_wconf 87' lang='lat' dir='ltr'>jam</span> <span class='ocrx_word' id='word_1_144' title='bbox 604 1791 667 1853; x_wconf 88' lang='lat' dir='ltr'>in</span> <span class='ocrx_word' id='word_1_145' title='bbox 695 1789 933 1853; x_wconf 87' lang='lat' dir='ltr'>Samnio</span> <span class='ocrx_word' id='word_1_146' title='bbox 976 1809 1097 1853; x_wconf 91' lang='lat' dir='ltr'>non</span> <span class='ocrx_word' id='word_1_147' title='bbox 1135 1788 1527 1875; x_wconf 86' lang='lat' dir='ltr'>patiebantur.</span> <span class='ocrx_word' id='word_1_148' title='bbox 1571 1790 1746 1874; x_wconf 77' lang='lat' dir='ltr'>Papi-</span> 
     </span>
     <span class='ocr_line' id='line_1_21' title="bbox 200 1869 1748 1955; baseline 0.001 -20"><span class='ocrx_word' id='word_1_149' title='bbox 200 1871 295 1935; x_wconf 87' lang='lat' dir='ltr'>rio</span> <span class='ocrx_word' id='word_1_150' title='bbox 315 1869 388 1934; x_wconf 90' lang='lat' dir='ltr'>ad</span> <span class='ocrx_word' id='word_1_151' title='bbox 421 1870 703 1955; x_wconf 87' lang='lat' dir='ltr'>Sepinum</span> <span class='ocrx_word' id='word_1_152' title='bbox 729 1869 914 1952; x_wconf 88' lang='lat' dir='ltr'>major</span> <span class='ocrx_word' id='word_1_153' title='bbox 938 1869 1029 1936; x_wconf 85' lang='lat' dir='ltr'>vis</span> <span class='ocrx_word' id='word_1_154' title='bbox 1064 1869 1322 1936; x_wconf 86' lang='lat' dir='ltr'>hostium</span> <span class='ocrx_word' id='word_1_155' title='bbox 1357 1869 1574 1934; x_wconf 87' lang='lat' dir='ltr'>refistit.</span> <span class='ocrx_word' id='word_1_156' title='bbox 1602 1872 1748 1954; x_wconf 84' lang='lat' dir='ltr'>saepe</span> 
     </span>
     <span class='ocr_line' id='line_1_22' title="bbox 200 1951 1751 2039; baseline 0 -24"><span class='ocrx_word' id='word_1_157' title='bbox 200 1951 267 2015; x_wconf 91' lang='lat' dir='ltr'>in</span> <span class='ocrx_word' id='word_1_158' title='bbox 306 1952 433 2014; x_wconf 89' lang='lat' dir='ltr'>acie</span> <span class='ocrx_word' id='word_1_159' title='bbox 462 1997 484 2027; x_wconf 89' lang='lat'><strong>‚</strong></span> <span class='ocrx_word' id='word_1_160' title='bbox 522 1952 745 2035; x_wconf 80' lang='lat' dir='ltr'>saepein</span> <span class='ocrx_word' id='word_1_161' title='bbox 771 1952 1042 2034; x_wconf 87' lang='lat' dir='ltr'>agmine,</span> <span class='ocrx_word' id='word_1_162' title='bbox 1084 1954 1228 2039; x_wconf 84' lang='lat' dir='ltr'>faepe</span> <span class='ocrx_word' id='word_1_163' title='bbox 1266 1954 1424 2016; x_wconf 86' lang='lat' dir='ltr'>circa</span> <span class='ocrx_word' id='word_1_164' title='bbox 1451 1951 1630 2036; x_wconf 87' lang='lat' dir='ltr'>ipsam</span> <span class='ocrx_word' id='word_1_165' title='bbox 1651 1973 1751 2015; x_wconf 85' lang='lat' dir='ltr'>ur·</span> 
     </span>
     <span class='ocr_line' id='line_1_23' title="bbox 202 2029 1746 2117; baseline 0.002 -23"><span class='ocrx_word' id='word_1_166' title='bbox 202 2031 345 2094; x_wconf 88' lang='lat' dir='ltr'>bem</span> <span class='ocrx_word' id='word_1_167' title='bbox 388 2029 666 2097; x_wconf 76' lang='lat' dir='ltr'>adversus</span> <span class='ocrx_word' id='word_1_168' title='bbox 707 2033 1053 2115; x_wconf 80' lang='lat' dir='ltr'>eruptiones</span> <span class='ocrx_word' id='word_1_169' title='bbox 1089 2031 1351 2099; x_wconf 80' lang='lat' dir='ltr'>h&#39;ostium</span> <span class='ocrx_word' id='word_1_170' title='bbox 1395 2049 1746 2117; x_wconf 82' lang='lat' dir='ltr'>pugnatum.</span> 
     </span>
     <span class='ocr_line' id='line_1_24' title="bbox 206 2110 1774 2207; baseline -0.001 -31"><span class='ocrx_word' id='word_1_171' title='bbox 206 2122 239 2155; x_wconf 81' lang='lat'><em>²</em></span> <span class='ocrx_word' id='word_1_172' title='bbox 265 2132 461 2197; x_wconf 90' lang='lat' dir='ltr'>neque</span> <span class='ocrx_word' id='word_1_173' title='bbox 482 2110 708 2177; x_wconf 70' lang='lat' dir='ltr'>obsidio</span> <span class='ocrx_word' id='word_1_174' title='bbox 732 2159 754 2190; x_wconf 90' lang='lat'>,</span> <span class='ocrx_word' id='word_1_175' title='bbox 792 2133 988 2207; x_wconf 88' lang='lat' dir='ltr'>neque</span> <span class='ocrx_word' id='word_1_176' title='bbox 1015 2112 1242 2179; x_wconf 91' lang='lat' dir='ltr'>bellum</span> <span class='ocrx_word' id='word_1_177' title='bbox 1264 2134 1341 2178; x_wconf 80' lang='lat' dir='ltr'>ex</span> <span class='ocrx_word' id='word_1_178' title='bbox 1365 2132 1540 2198; x_wconf 83' lang='lat' dir='ltr'>-aequo</span> <span class='ocrx_word' id='word_1_179' title='bbox 1568 2130 1698 2177; x_wconf 85' lang='lat' dir='ltr'>erat</span> <span class='ocrx_word' id='word_1_180' title='bbox 1723 2116 1774 2175; x_wconf 79' lang='lat' dir='ltr'>t&#39;·</span> 
     </span>
     <span class='ocr_line' id='line_1_25' title="bbox 204 2190 1753 2279; baseline -0.001 -20"><span class='ocrx_word' id='word_1_181' title='bbox 204 2212 330 2259; x_wconf 86' lang='lat' dir='ltr'>non</span> <span class='ocrx_word' id='word_1_182' title='bbox 356 2192 517 2257; x_wconf 87' lang='lat' dir='ltr'>enim</span> <span class='ocrx_word' id='word_1_183' title='bbox 537 2194 723 2257; x_wconf 89' lang='lat' dir='ltr'>muris</span> <span class='ocrx_word' id='word_1_184' title='bbox 756 2199 941 2279; x_wconf 67' lang='lat' dir='ltr'>magis</span> <span class='ocrx_word' id='word_1_185' title='bbox 984 2196 1041 2256; x_wconf 88' lang='lat' dir='ltr'>se</span> <span class='ocrx_word' id='word_1_186' title='bbox 1071 2195 1361 2259; x_wconf 86' lang='lat' dir='ltr'>Samnites</span> <span class='ocrx_word' id='word_1_187' title='bbox 1388 2241 1406 2269; x_wconf 94' lang='lat'>‚</span> <span class='ocrx_word' id='word_1_188' title='bbox 1444 2190 1628 2277; x_wconf 67' lang='lat' dir='ltr'>quam</span> <span class='ocrx_word' id='word_1_189' title='bbox 1666 2213 1753 2257; x_wconf 87' lang='lat' dir='ltr'>ar-</span> 
     </span>
     <span class='ocr_line' id='line_1_26' title="bbox 206 2272 1845 2357; baseline 0 -19"><span class='ocrx_word' id='word_1_190' title='bbox 206 2276 318 2338; x_wconf 89' lang='lat' dir='ltr'>mis</span> <span class='ocrx_word' id='word_1_191' title='bbox 344 2294 415 2337; x_wconf 90' lang='lat' dir='ltr'>ac</span> <span class='ocrx_word' id='word_1_192' title='bbox 438 2274 582 2339; x_wconf 88' lang='lat' dir='ltr'>viris</span> <span class='ocrx_word' id='word_1_193' title='bbox 618 2274 846 2337; x_wconf 88' lang='lat' dir='ltr'>moenia</span> <span class='ocrx_word' id='word_1_194' title='bbox 884 2273 1254 2339; x_wconf 77' lang='lat' dir='ltr'>tutabantur.</span> <span class='ocrx_word' id='word_1_195' title='bbox 1283 2272 1558 2337; x_wconf 79' lang='lat' dir='ltr'>Tandem</span> <span class='ocrx_word' id='word_1_196' title='bbox 1600 2286 1680 2357; x_wconf 77' lang='lat' dir='ltr'>p&#39;u</span> <span class='ocrx_word' id='word_1_197' title='bbox 1726 2310 1752 2323; x_wconf 86' lang='lat'><strong>·</strong></span> <span class='ocrx_word' id='word_1_198' title='bbox 1835 2276 1845 2283; x_wconf 57' lang='lat'>‘</span> 
     </span>
     <span class='ocr_line' id='line_1_27' title="bbox 208 2352 1679 2437; baseline -0.001 -19"><span class='ocrx_word' id='word_1_199' title='bbox 208 2352 406 2418; x_wconf 69' lang='lat' dir='ltr'>na‘ndo</span> <span class='ocrx_word' id='word_1_200' title='bbox 427 2353 487 2416; x_wconf 87' lang='lat' dir='ltr'>in</span> <span class='ocrx_word' id='word_1_201' title='bbox 507 2353 877 2417; x_wconf 82' lang='lat' dir='ltr'>oblidionem</span> <span class='ocrx_word' id='word_1_202' title='bbox 902 2353 1110 2435; x_wconf 87' lang='lat' dir='ltr'>justam</span> <span class='ocrx_word' id='word_1_203' title='bbox 1138 2354 1344 2437; x_wconf 64' lang='lat' dir='ltr'>cofigit</span> <span class='ocrx_word' id='word_1_204' title='bbox 1369 2352 1566 2415; x_wconf 88' lang='lat' dir='ltr'>hostes</span> <span class='ocrx_word' id='word_1_205' title='bbox 1588 2374 1604 2415; x_wconf 68' lang='grc' dir='ltr'><strong>ι</strong></span> <span class='ocrx_word' id='word_1_206' title='bbox 1640 2375 1679 2416; x_wconf 93' lang='lat' dir='ltr'>o</span> 
     </span>
     <span class='ocr_line' id='line_1_28' title="bbox 207 2432 1755 2517; baseline -0.004 -15"><span class='ocrx_word' id='word_1_207' title='bbox 207 2433 610 2517; x_wconf 81' lang='lat' dir='ltr'>fidendoque‚</span> <span class='ocrx_word' id='word_1_208' title='bbox 643 2434 707 2499; x_wconf 88' lang='lat' dir='ltr'>vi</span> <span class='ocrx_word' id='word_1_209' title='bbox 742 2452 923 2517; x_wconf 86' lang='lat' dir='ltr'>atque</span> <span class='ocrx_word' id='word_1_210' title='bbox 962 2432 1247 2517; x_wconf 86' lang='lat' dir='ltr'>operibus</span> <span class='ocrx_word' id='word_1_211' title='bbox 1274 2432 1486 2498; x_wconf 91' lang='lat' dir='ltr'>urbem</span> <span class='ocrx_word' id='word_1_212' title='bbox 1517 2451 1755 2517; x_wconf 84' lang='lat' dir='ltr'>expug-</span> 
     </span>
     <span class='ocr_line' id='line_1_29' title="bbox 210 2508 1762 2599; baseline -0.003 -19"><span class='ocrx_word' id='word_1_213' title='bbox 210 2514 395 2580; x_wconf 87' lang='lat' dir='ltr'>navit.</span> <span class='ocrx_word' id='word_1_214' title='bbox 432 2515 640 2598; x_wconf 91' lang='lat' dir='ltr'>itaque</span> <span class='ocrx_word' id='word_1_215' title='bbox 688 2513 763 2577; x_wconf 91' lang='lat' dir='ltr'>ab</span> <span class='ocrx_word' id='word_1_216' title='bbox 804 2514 888 2577; x_wconf 88' lang='lat' dir='ltr'>ira</span> <span class='ocrx_word' id='word_1_217' title='bbox 928 2512 1064 2599; x_wconf 88' lang='lat' dir='ltr'>plus</span> <span class='ocrx_word' id='word_1_218' title='bbox 1100 2512 1276 2577; x_wconf 73' lang='lat' dir='ltr'>caedis</span> <span class='ocrx_word' id='word_1_219' title='bbox 1317 2512 1550 2577; x_wconf 88' lang='lat' dir='ltr'>editum</span> <span class='ocrx_word' id='word_1_220' title='bbox 1583 2508 1762 2599; x_wconf 66' lang='lat' dir='ltr'>capti</span> 
     </span>
     <span class='ocr_line' id='line_1_30' title="bbox 210 2592 1762 2691; baseline -0.003 -28"><span class='ocrx_word' id='word_1_221' title='bbox 210 2596 405 2663; x_wconf 85' lang='lat' dir='ltr'>urbe:</span> <span class='ocrx_word' id='word_1_222' title='bbox 438 2598 671 2691; x_wconf 81' lang='lat' dir='ltr'>septem·</span> <span class='ocrx_word' id='word_1_223' title='bbox 702 2592 886 2660; x_wconf 87' lang='lat' dir='ltr'>millia</span> <span class='ocrx_word' id='word_1_224' title='bbox 928 2592 1350 2688; x_wconf 85' lang='lat' dir='ltr'>quadringenti</span> <span class='ocrx_word' id='word_1_225' title='bbox 1376 2592 1498 2657; x_wconf 75' lang='lat' dir='ltr'>carli</span> <span class='ocrx_word' id='word_1_226' title='bbox 1533 2615 1551 2656; x_wconf 75' lang='lat' dir='ltr'>t</span> <span class='ocrx_word' id='word_1_227' title='bbox 1587 2613 1655 2657; x_wconf 91' lang='lat' dir='ltr'>ca</span> <span class='ocrx_word' id='word_1_228' title='bbox 1699 2610 1762 2659; x_wconf 88' lang='lat' dir='ltr'>ta.</span> 
     </span>
     <span class='ocr_line' id='line_1_31' title="bbox 210 2673 1760 2771; baseline -0.001 -30"><span class='ocrx_word' id='word_1_229' title='bbox 210 2673 409 2741; x_wconf 66' lang='lat' dir='ltr'>mimis</span> <span class='ocrx_word' id='word_1_230' title='bbox 432 2694 546 2739; x_wconf 79' lang='lat' dir='ltr'>tria</span> <span class='ocrx_word' id='word_1_231' title='bbox 578 2674 761 2739; x_wconf 88' lang='lat' dir='ltr'>millia</span> <span class='ocrx_word' id='word_1_232' title='bbox 800 2675 1114 2741; x_wconf 84' lang='lat' dir='ltr'>hommum</span> <span class='ocrx_word' id='word_1_233' title='bbox 1138 2698 1156 2771; x_wconf 62' lang='grc' dir='ltr'>ξ</span> <span class='ocrx_word' id='word_1_234' title='bbox 1190 2674 1378 2761; x_wconf 84' lang='lat' dir='ltr'>praeda</span> <span class='ocrx_word' id='word_1_235' title='bbox 1405 2719 1428 2752; x_wconf 85' lang='lat'>,</span> <span class='ocrx_word' id='word_1_236' title='bbox 1461 2691 1593 2759; x_wconf 82' lang='lat' dir='ltr'>quae</span> <span class='ocrx_word' id='word_1_237' title='bbox 1618 2698 1656 2759; x_wconf 88' lang='lat' dir='ltr'>p</span> <span class='ocrx_word' id='word_1_238' title='bbox 1683 2696 1760 2739; x_wconf 88' lang='lat' dir='ltr'>u-</span> 
     </span>
    </p>
   </div>
   <div class='ocr_carea' id='block_1_2' title="bbox 33 2734 1796 3035">
    <p class='ocr_par' dir='ltr' id='par_1_2' title="bbox 33 2734 1796 3035">
     <span class='ocr_line' id='line_1_32' title="bbox 33 2734 1764 3035; baseline -0.001 -212"><span class='ocrx_word' id='word_1_239' title='bbox 33 2734 46 3035; x_wconf 42' lang='lat' dir='ltr'>x</span> <span class='ocrx_word' id='word_1_240' title='bbox 214 2757 364 2824; x_wconf 85' lang='lat' dir='ltr'>rima</span> <span class='ocrx_word' id='word_1_241' title='bbox 388 2755 508 2831; x_wconf 81' lang='lat' dir='ltr'>fuit</span> <span class='ocrx_word' id='word_1_242' title='bbox 528 2801 551 2831; x_wconf 86' lang='lat'>‚</span> <span class='ocrx_word' id='word_1_243' title='bbox 593 2754 887 2841; x_wconf 84' lang='lat' dir='ltr'>congestis</span> <span class='ocrx_word' id='word_1_244' title='bbox 914 2755 1266 2824; x_wconf 79' lang='lat' dir='ltr'>Samnitium</span> <span class='ocrx_word' id='word_1_245' title='bbox 1287 2755 1559 2825; x_wconf 76' lang='lat' dir='ltr'>rebus-in</span> <span class='ocrx_word' id='word_1_246' title='bbox 1578 2756 1764 2822; x_wconf 75' lang='lat' dir='ltr'>urbes</span> 
     </span>
     <span class='ocr_line' id='line_1_33' title="bbox 214 2835 1796 2927; baseline 0 -25"><span class='ocrx_word' id='word_1_247' title='bbox 214 2856 437 2927; x_wconf 74' lang='lat' dir='ltr'>paucas</span> <span class='ocrx_word' id='word_1_248' title='bbox 454 2883 476 2914; x_wconf 90' lang='lat'>,</span> <span class='ocrx_word' id='word_1_249' title='bbox 518 2837 698 2901; x_wconf 87' lang='lat' dir='ltr'>militi</span> <span class='ocrx_word' id='word_1_250' title='bbox 725 2837 992 2904; x_wconf 85' lang='lat' dir='ltr'>conceffa</span> <span class='ocrx_word' id='word_1_251' title='bbox 1016 2835 1122 2927; x_wconf 77' lang='lat' dir='ltr'>est.</span> <span class='ocrx_word' id='word_1_252' title='bbox 1155 2904 1158 2909; x_wconf 73' lang='grc'><strong>,</strong></span> <span class='ocrx_word' id='word_1_253' title='bbox 1231 2871 1237 2879; x_wconf 88' lang='grc'><em>·</em></span> <span class='ocrx_word' id='word_1_254' title='bbox 1789 2861 1796 2869; x_wconf 93' lang='grc'><strong><em>·</em></strong></span> 
     </span>
    </p>
   </div>
   <div class='ocr_carea' id='block_1_3' title="bbox 212 2962 1772 3206">
    <p class='ocr_par' dir='ltr' id='par_1_3' title="bbox 212 2962 1772 3206">
     <span class='ocr_line' id='line_1_34' title="bbox 274 2962 1766 3069; baseline -0.001 -21"><span class='ocrx_word' id='word_1_255' title='bbox 274 3014 317 3048; x_wconf 83' lang='lat'>‘2</span> <span class='ocrx_word' id='word_1_256' title='bbox 370 3002 529 3069; x_wconf 68' lang='lat' dir='ltr'>Neque</span> <span class='ocrx_word' id='word_1_257' title='bbox 572 2995 738 3063; x_wconf 68' lang='lat' dir='ltr'>obfidn‘o</span> <span class='ocrx_word' id='word_1_258' title='bbox 765 3034 787 3065; x_wconf 89' lang='lat'><em>,</em></span> <span class='ocrx_word' id='word_1_259' title='bbox 818 3012 959 3069; x_wconf 75' lang='lat' dir='ltr'>neque</span> <span class='ocrx_word' id='word_1_260' title='bbox 984 2962 992 3014; x_wconf 39' lang='grc' dir='ltr'>ἶ</span> <span class='ocrx_word' id='word_1_261' title='bbox 1019 3014 1059 3050; x_wconf 84' lang='lat' dir='ltr'><em>ae</em></span> <span class='ocrx_word' id='word_1_262' title='bbox 1122 3016 1146 3049; x_wconf 87' lang='grc' dir='ltr'><strong><em>ο</em></strong></span> <span class='ocrx_word' id='word_1_263' title='bbox 1181 3009 1296 3050; x_wconf 76' lang='lat' dir='ltr'>erat.</span> <span class='ocrx_word' id='word_1_264' title='bbox 1331 2996 1508 3049; x_wconf 70' lang='lat' dir='ltr'>Bellum</span> <span class='ocrx_word' id='word_1_265' title='bbox 1538 3012 1599 3047; x_wconf 78' lang='lat' dir='ltr'>ea·</span> <span class='ocrx_word' id='word_1_266' title='bbox 1636 3011 1766 3064; x_wconf 64' lang='lat' dir='ltr'>aeqqco</span> 
     </span>
     <span class='ocr_line' id='line_1_35' title="bbox 212 3062 1763 3131; baseline -0.006 -13"><span class='ocrx_word' id='word_1_267' title='bbox 212 3064 423 3129; x_wconf 63' lang='lat' dir='ltr'>hunus]</span> <span class='ocrx_word' id='word_1_268' title='bbox 450 3062 662 3114; x_wconf 75' lang='lat' dir='ltr'>Multum</span> <span class='ocrx_word' id='word_1_269' title='bbox 714 3064 835 3113; x_wconf 85' lang='lat' dir='ltr'>lacet</span> <span class='ocrx_word' id='word_1_270' title='bbox 855 3079 960 3131; x_wconf 80' lang='lat' dir='ltr'>quae</span> <span class='ocrx_word' id='word_1_271' title='bbox 1022 3080 1049 3113; x_wconf 88' lang='lat' dir='ltr'>e</span> <span class='ocrx_word' id='word_1_272' title='bbox 1124 3063 1246 3114; x_wconf 84' lang='lat' dir='ltr'>illud</span> <span class='ocrx_word' id='word_1_273' title='bbox 1270 3064 1402 3130; x_wconf 86' lang='lat' dir='ltr'>quod</span> <span class='ocrx_word' id='word_1_274' title='bbox 1430 3079 1457 3112; x_wconf 88' lang='lat' dir='ltr'>a</span> <span class='ocrx_word' id='word_1_275' title='bbox 1491 3076 1598 3113; x_wconf 88' lang='lat' dir='ltr'>erto</span> <span class='ocrx_word' id='word_1_276' title='bbox 1621 3074 1763 3111; x_wconf 76' lang='lat' dir='ltr'>cam-</span> 
     </span>
     <span class='ocr_line' id='line_1_36' title="bbox 218 3126 1772 3206; baseline -0.004 -25"><span class='ocrx_word' id='word_1_277' title='bbox 218 3134 394 3181; x_wconf 77' lang='lat' dir='ltr'>in‘uno</span> <span class='ocrx_word' id='word_1_278' title='bbox 420 3126 613 3199; x_wconf 74' lang='lat' dir='ltr'>codiee3</span> <span class='ocrx_word' id='word_1_279' title='bbox 639 3144 685 3179; x_wconf 87' lang='lat' dir='ltr'>te</span> <span class='ocrx_word' id='word_1_280' title='bbox 768 3136 960 3179; x_wconf 83' lang='lat' dir='ltr'>Grono-</span> <span class='ocrx_word' id='word_1_281' title='bbox 1024 3145 1123 3206; x_wconf 46' lang='lat' dir='ltr'>po)</span> <span class='ocrx_word' id='word_1_282' title='bbox 1162 3131 1212 3180; x_wconf 75' lang='grc' dir='ltr'>δε</span> <span class='ocrx_word' id='word_1_283' title='bbox 1257 3128 1404 3179; x_wconf 84' lang='lat' dir='ltr'>insttu</span> <span class='ocrx_word' id='word_1_284' title='bbox 1527 3129 1772 3191; x_wconf 80' lang='lat' dir='ltr'>utrimque</span> 
     </span>
    </p>
   </div>
   <div class='ocr_carea' id='block_1_4' title="bbox 49 3186 1773 3417">
    <p class='ocr_par' dir='ltr' id='par_1_4' title="bbox 49 3186 1773 3417">
     <span class='ocr_line' id='line_1_37' title="bbox 219 3186 1770 3261; baseline -0.003 -15"><span class='ocrx_word' id='word_1_285' title='bbox 219 3200 307 3246; x_wconf 75' lang='lat' dir='ltr'>vio</span> <span class='ocrx_word' id='word_1_286' title='bbox 336 3229 354 3255; x_wconf 84' lang='lat'><em>,</em></span> <span class='ocrx_word' id='word_1_287' title='bbox 401 3194 633 3261; x_wconf 75' lang='lat' dir='ltr'>scriptura</span> <span class='ocrx_word' id='word_1_288' title='bbox 680 3198 737 3244; x_wconf 83' lang='lat' dir='ltr'>&#39;re</span> <span class='ocrx_word' id='word_1_289' title='bbox 768 3195 915 3243; x_wconf 86' lang='lat' dir='ltr'>etitut</span> <span class='ocrx_word' id='word_1_290' title='bbox 949 3212 963 3242; x_wconf 72' lang='grc' dir='ltr'><strong>ε</strong></span> <span class='ocrx_word' id='word_1_291' title='bbox 1028 3210 1131 3244; x_wconf 75' lang='lat' dir='ltr'>acie</span> <span class='ocrx_word' id='word_1_292' title='bbox 1204 3186 1367 3243; x_wconf 84' lang='lat' dir='ltr'>etitut.</span> <span class='ocrx_word' id='word_1_293' title='bbox 1421 3196 1562 3241; x_wconf 83' lang='lat' dir='ltr'>Hanc</span> <span class='ocrx_word' id='word_1_294' title='bbox 1603 3189 1770 3241; x_wconf 66' lang='lat' dir='ltr'>leffiu-</span> 
     </span>
     <span class='ocr_line' id='line_1_38' title="bbox 49 3190 1773 3417; baseline -0.005 -101"><span class='ocrx_word' id='word_1_295' title='bbox 49 3190 64 3417; x_wconf 37' lang='grc' dir='ltr'><strong><em>κ</em></strong></span> <span class='ocrx_word' id='word_1_296' title='bbox 224 3263 390 3332; x_wconf 68' lang='lat' dir='ltr'>Nque</span> <span class='ocrx_word' id='word_1_297' title='bbox 405 3257 574 3329; x_wconf 69' lang='lat' dir='ltr'>obfidio</span> <span class='ocrx_word' id='word_1_298' title='bbox 588 3291 605 3322; x_wconf 84' lang='lat'>‚</span> <span class='ocrx_word' id='word_1_299' title='bbox 626 3256 711 3328; x_wconf 69' lang='lat' dir='ltr'>fid</span> <span class='ocrx_word' id='word_1_300' title='bbox 726 3209 893 3317; x_wconf 47' lang='lat' dir='ltr'>allum</span> <span class='ocrx_word' id='word_1_301' title='bbox 907 3272 971 3313; x_wconf 72' lang='lat' dir='ltr'>ea·</span> <span class='ocrx_word' id='word_1_302' title='bbox 1031 3274 1148 3312; x_wconf 79' lang='lat' dir='ltr'>nem</span> <span class='ocrx_word' id='word_1_303' title='bbox 1229 3272 1366 3311; x_wconf 79' lang='lat' dir='ltr'>mant</span> <span class='ocrx_word' id='word_1_304' title='bbox 1375 3256 1773 3404; x_wconf 55' lang='lat' dir='ltr'>Ruaitjsequuntur.</span> 
     </span>
    </p>
   </div>
   <div class='ocr_carea' id='block_1_5' title="bbox 57 3422 1905 3850">
    <p class='ocr_par' dir='ltr' id='par_1_5' title="bbox 57 3422 1905 3850">
     <span class='ocr_line' id='line_1_39' title="bbox 57 3422 399 3609; baseline -0.003 -71"><span class='ocrx_word' id='word_1_305' title='bbox 57 3422 72 3609; x_wconf 57' lang='grc' dir='ltr'>ι</span> <span class='ocrx_word' id='word_1_306' title='bbox 394 3532 399 3537; x_wconf 82' lang='grc'><em>,</em></span> 
     </span>
     <span class='ocr_line' id='line_1_40' title="bbox 65 3647 1905 3850; baseline -0.009 0"><span class='ocrx_word' id='word_1_307' title='bbox 65 3647 94 3850; x_wconf 77' lang='lat' dir='ltr'>l</span> <span class='ocrx_word' id='word_1_308' title='bbox 906 3726 911 3731; x_wconf 91' lang='lat'><strong>·</strong></span> <span class='ocrx_word' id='word_1_309' title='bbox 1813 3687 1905 3836; x_wconf 63' lang='grc' dir='ltr'>ς,</span> 
     </span>
    </p>
   </div>
  </div>
 </body>
</html>
