2250 3850
637 195 1076 270 LIBER
1175 197 1330 272 IX.
1589 209 1751 297 309

224 291 480 378 ῐὲζςδε,
504 292 881 379 posteaquam
913 314 1052 357 veam
1089 293 1405 358 lestionem
1447 311 1626 358 nemo
1664 318 1753 359 ra·
1779 329 2028 379 u,c‚44,;.
2115 310 2126 316 ’

231 380 345 430 tam
368 369 608 452 habuit,
641 387 697 427 ¹³
732 395 842 437 nec
869 374 929 436 in
958 373 1123 438 curia
1151 373 1400 458 adeptus
1427 393 1583 451 erat,
1607 397 1753 460 quas
1776 373 2020 448 a.c.303‚‘

220 448 467 538 petierat
508 475 652 546 opes
689 454 935 518 urbanas
968 500 989 530 ‚
1032 453 1361 518 humilibus
1401 474 1503 537 per
1545 475 1752 521 omnes

222 525 411 592 tribus
448 531 677 612 divifiS‚
711 545 773 586 14
804 533 1003 596 forum
1042 539 1105 597 &
1143 554 1420 618 campum
1462 537 1751 619 corrupit.

165 639 173 641 >
220 613 571 695 tantumque
614 612 792 676 Flavii
836 613 1076 676 comitia
1113 612 1484 696 indignitatis
1523 613 1756 677 habue-

218 701 360 750 runt
382 735 404 765 ,
436 709 507 753 ut
538 692 805 776 plerique
840 692 1135 756 nobilium
1172 692 1422 756 annuios
1456 713 1665 757 aureos
1691 697 1756 758 δε

220 774 283 815 ¹5
330 768 593 852 phaleras
644 773 1028 855 deponerent.
1080 775 1168 834 Ex
1218 795 1293 836 eo
1331 792 1598 856 tempore
1625 819 1646 850 ‚
1693 774 1757 836 in

214 839 363 907 duas
390 868 584 932 partes
621 850 872 914 disceffit
905 850 1134 917 civitas,
1179 851 1338 916 aliud
1381 853 1503 914 inte
1547 872 1614 915 er
1656 874 1758 935 po-

215 923 397 1004 pulus
430 929 629 993 fautor
654 933 715 993 δε
740 929 939 993 cultor
964 930 1259 993 bonorum
1279 979 1299 1006 ,
1325 930 1482 994 aliud
1537 932 1756 995 orenlis

222 999 409 1085 fastio
444 1009 682 1076 tenebat
704 1031 720 1073 ε
740 1009 933 1072 donec

969 1014 1053 1090 Q.
1094 1010 1302 1074 Fabius
1335 1014 1396 1073 δε
1428 1011 1493 1074 Ρ.
1525 1011 1754 1074 Decius

218 1088 491 1152 cenlbres
528 1089 665 1154 faeti
693 1113 713 1164 ς
742 1092 803 1153 &
830 1089 1035 1152 Fabius
1061 1088 1588 1154 fimul‘concordiae
1614 1112 1754 1154 cau·
1836 1118 2016 1174 πηῷ,

217 1161 279 1224 δᾶ
302 1211 323 1240 ¹)
368 1165 539 1235 simul
571 1189 647 1234 ne
680 1165 1154 1234 humillimorum
1191 1173 1250 1232 in
1295 1190 1470 1233 manu
1511 1171 1754 1238 comitia
1783 1177 1910 1278 5:2⁹?ss
1935 1193 1992 1276 vg

218 1241 400 1310 effent
417 1294 439 1326 ,
461 1269 697 1314 ornnem
716 1247 1007 1312 forensem
1030 1249 1270 1312 turbam
1289 1267 1586 1313 excretam
1608 1264 1628 1296 ¹
1642 1253 1668 1294 ⁶
1691 1252 1752 1314 in

216 1449 451 1523 deinceps,
458 1457 687 1509 libertinos
706 1477 762 1509 ac
774 1458 958 1509 libertos
977 1450 979 1454 ’

214 1530 309 1592 pto
342 1521 511 1572 iisdem
540 1539 753 1588 acceptos
785 1520 953 1584 fuiffe3

142 1619 145 1622 .
214 1594 283 1630 tta
313 1598 474 1635 tamen
503 1602 555 1636 ut
582 1587 765 1637 libertus
785 1588 852 1637 ad
866 1604 952 1652 pa·

214 1657 414 1698 tronum
441 1685 458 1712 ‚
492 1650 732 1700 libertinus
772 1651 835 1700 ad
873 1655 950 1699 in·-

209 1723 423 1773 genuum
468 1714 733 1764 referretur.
790 1719 953 1779 Itaque

215 1771 463 1831 dicebatur
508 1777 638 1825 homo
673 1776 906 1827 libertinus
924 1795 947 1837 ς

212 1851 317 1888 non
356 1840 477 1899 veri)
518 1839 754 1891 liber-times
794 1857 917 1889 meus
934 1877 951 1902 ,

214 1899 457 1955 libertinus
479 1904 667 1969 Caesaen‘s
682 1940 697 1965 ‚
718 1904 797 1954 sed
814 1903 951 1955 liber-

206 1978 293 2015 tus
324 1988 485 2026 meus,
520 1967 707 2018 libertus
745 1968 950 2029 Caesaris.

218 2034 288 2079 At
309 2032 383 2081 his
404 2033 695 2097 temporibus
714 2068 729 2093 ,
759 2034 817 2083 de
844 2035 950 2098 qui-

214 2092 305 2143 bus
326 2112 454 2146 nunc
472 2100 571 2161 agit
594 2099 778 2159 Livius,
804 2098 949 2146 liber-

213 2160 341 2209 tinos
381 2176 577 2211 vocatos
613 2160 747 2213 fuiffe
784 2168 948 2213 Sueto·

213 2226 319 2273 nius
352 2229 424 2274 ait
456 2228 507 2276 in
534 2226 735 2277 Claudio
753 2262 771 2287 ,
790 2244 834 2277 c.
866 2244 949 2288 24.

210 2304 299 2336 non
331 2289 455 2357 iplbs
484 2292 566 2357 qui
593 2293 952 2340 manumitteren-

212 2362 289 2401 tur
308 2392 321 2414 ,
349 2348 433 2418 sed
458 2354 699 2417 ingenuos,
737 2356 770 2400 i.
788 2370 845 2401 ·e.
873 2370 953 2402 eos

217 2420 303 2480 qui
332 2418 541 2467 suetonii
570 2430 673 2464 aevo
702 2431 791 2479 pro
818 2418 951 2479 inge-

216 2484 323 2529 nuis
377 2480 678 2529 habebantur
710 2512 729 2539 ,
774 2495 834 2527 ex
880 2480 957 2531 his
1008 2520 1014 2527 .

211 2554 485 2611 procreatos·

294 2620 348 2667 η
398 2614 493 2657 Nec
524 2608 575 2656 in
608 2604 733 2656 curia
764 2604 957 2675 adeptus

218 2684 322 2720 erat
337 2707 351 2721 .
370 2706 383 2721 .
400 2706 415 2719 .
434 2684 536 2738 opes
556 2670 787 2733 urbanas]
811 2670 955 2722 Reae

221 2734 452 2783 admonet
468 2738 732 2783 Gronovius
745 2737 953 2785 otiosam

225 2796 310 2846 hic
325 2794 414 2847 effe
431 2813 599 2847 vocem
624 2797 823 2847 urbanas
840 2835 858 2860 ,
879 2802 954 2850 cui

224 2874 283 2921 ut
307 2862 441 2923 locus,
458 2858 568 2910 esset
586 2895 603 2920 ,
626 2877 861 2925 oporteret
880 2864 954 2912 fa-

224 2926 357 2975 stam
382 2922 516 2974 fuifl'e
534 2930 822 2973 mentionem
844 2944 960 2993 qua·

226 2991 453 3040 rumdam
489 2986 655 3037 diversi
692 2995 867 3051 generis
901 3008 957 3041 o-

225 3070 341 3119 pum
357 3090 375 3115 ‚
395 3071 443 3103 v.
462 3069 515 3117 g.
530 3066 677 3115 opum
694 3054 817 3116 apud
834 3071 962 3116 exer·-

226 3121 400 3171 citum.
432 3118 563 3181 Legit
592 3115 735 3179 igitur
758 3134 771 3163 z
794 3122 885 3165 Nec
904 3120 965 3165 ·in

214 3186 353 3239 ‘curia
376 3185 568 3251 adeptus
590 3190 687 3232 crat
705 3210 723 3239 ‚
753 3197 867 3249 quas
884 3192 966 3249 pe-

1016 1455 1160 1570 giem
1187 1469 1322 1527 opes,
1353 1457 1538 1508 urbanis
1569 1457 1758 1509 humili-

1047 1539 1196 1574 us...

1086 1599 1150 1644 14
1191 1589 1353 1635 Forum
1404 1595 1470 1642 (9·
1517 1595 1758 1653 campum]

1016 1651 1230 1698 Comitia
1247 1651 1426 1698 tributa
1443 1683 1460 1708 ,
1487 1664 1589 1713 quae
1613 1657 1662 1698 in
1681 1649 1760 1706 fo-

1016 1728 1105 1770 10,
1131 1713 1182 1760 &
1215 1716 1414 1761 comitia
1448 1716 1708 1762 centuriata
1734 1747 1754 1774 ,

1016 1789 1121 1839 quae
1143 1778 1194 1823 in
1211 1791 1383 1840 campo
1401 1779 1584 1825 Martio
1603 1777 1755 1827 habe-

1020 1840 1211 1888 bantur.

1086 1917 1142 1961 15
1179 1899 1438 1965 Phaleras]
1473 1903 1756 1955 ornamenti

1015 1983 1159 2033 genus
1173 2002 1193 2028 ,
1221 1967 1350 2033 quod
1369 1973 1618 2033 proprium
1638 1970 1754 2018 fuis-

1016 2034 1063 2081 se
1084 2046 1190 2081 tum
1211 2035 1432 2097 Equitum
1451 2032 1627 2099 insigne
1647 2034 1754 2084 col·-

1017 2096 1188 2161 ligitur
1203 2112 1259 2145 ex
1276 2096 1430 2146 Plinio
1441 2132 1459 2157 ,
1473 2098 1509 2147 1.
1527 2104 1752 2148 XXXIII.

1018 2178 1061 2209 c.
1098 2172 1142 2208 ι.
1193 2160 1410 2227 Annulos
1444 2177 1608 2213 aureos
1644 2177 1755 2212 tune

1018 2223 1049 2273 'a
1066 2226 1178 2273 solis
1194 2225 1486 2289 senatoribus
1503 2260 1520 2285 ‚
1543 2242 1626 2275 nec
1646 2230 1752 2274 uni-

1014 2286 1188 2347 versis,
1217 2289 1294 2339 sed
1337 2305 1503 2337 cotum
1548 2291 1755 2337 nobilis-

1017 2350 1144 2399 simis
1163 2384 1179 2409 ‚
1214 2350 1413 2415 gestatos
1449 2348 1585 2399 fuisse
1626 2352 1754 2401 idem

1018 2415 1219 2478 scriptor
1241 2412 1451 2462 affirmat
1469 2415 1666 2463 ibidem.

1076 2487 1136 2523 16
1167 2480 1230 2523 In
1261 2488 1454 2543 quatuor
1480 2478 1625 2527 tribus
1647 2496 1753 2527 con-

1014 2540 1161 2603 iecit]
1193 2545 1279 2589 Eas
1307 2556 1474 2605 nempe
1500 2576 1518 2603 ‚
1552 2544 1601 2590 in
1637 2559 1752 2608 quas

1018 2609 1200 2655 Servius
1228 2620 1307 2653 rex
1327 2606 1494 2653 urbem
1521 2606 1750 2657 discreve-

1019 2684 1094 2718 rat
1120 2705 1136 2730 ‚
1167 2669 1385 2733 idemque
1405 2672 1506 2734 jam
1526 2685 1626 2720 turn
1647 2706 1662 2731 ,
1685 2687 1754 2721 te·

1019 2733 1083 2782 ste
1110 2736 1256 2783 Dion.
1281 2733 1394 2782 Hal.
1416 2733 1451 2781 1.
1479 2740 1564 2784 IV.
1587 2735 1753 2785 referri
1810 2741 1816 2744 ’

1016 2794 1208 2863 jufferat
1228 2832 1245 2857 ‚
1277 2797 1508 2863 quidquid
1545 2796 1656 2849 efflet
1694 2802 1755 2848 li-

1022 2863 1194 2911 bertini
1227 2866 1424 2927 generis.
1471 2866 1634 2927 Itaque
1665 2868 1753 2912 Par

1021 2926 1126 2975 bius
1155 2924 1279 2974 nihil
1301 2924 1380 2974 hic
1397 2925 1592 2975 instituit
1609 2931 1754 2985 novi,

1024 2990 1101 3038 sed
1150 3004 1356 3038 veterem
1407 3006 1593 3037 morem
1630 3020 1648 3049 ,
1691 2990 1757 3037 ab

1026 3056 1101 3130 Ap
1137 3056 1184 3102 io
1219 3055 1409 3101 censore
1454 3054 1660 3117 spretum
1701 3068 1760 3111 aa
1839 3093 1853 3108 χ

1026 3133 1107 3183 γυ)
1128 3130 1292 3179 atum,
1311 3116 1510 3167 reduxit.

220 1342 481 1406 quatuor
521 1329 712 1394 tribus
744 1328 1007 1412 conjecit
1044 1373 1069 1406 ,
1114 1329 1478 1413 urbanasque
1521 1349 1618 1392 eas
1657 1352 1754 1416 ap·
1781 1291 2020 1404 53wa
