2250 3850
287 307 520 368 v.c.4z‚·.
544 323 723 386 quam
746 315 861 379 jam
883 313 1005 358 non
1020 313 1099 354 ex
1123 288 1434 354 intervallo
1453 308 1565 350 nec
1584 281 1884 368 miffilibus
1905 324 1960 367 η
1973 277 2084 344 sed

290 375 519 427 acam.
540 380 817 443 cominus
849 373 1162 458 gerebatur
1198 391 1330 446 res,
1371 372 1430 430 δε
1459 367 1563 452 qui
1605 385 1756 448 aegre
1785 359 2084 425 succefle-

541 479 674 525 rant
700 479 772 521 ex
800 455 973 540 piano
993 454 1051 515 in
1077 469 1278 513 muros
1299 495 1317 522 ‚
1342 447 1482 509 loco
1505 494 1526 522 ,
1561 467 1742 529 quem
1751 440 1956 524 magis
1997 439 2088 502 ti..

540 555 817 604 muerant
838 583 857 611 ‚
887 534 1050 598 νίἂο
1066 527 1310 620 ,jacile
1337 528 1398 589 in
1418 526 1645 589 hostem
1678 525 1966 606 imparem
1999 539 2084 604 ex

540 641 715 703 equo
734 615 1070 702 pugnabant
1090 658 1109 686 ,
1153 607 1370 672 relie‘tis
1404 605 1669 670 turribus
1690 603 1994 686 murisque
2015 599 2088 662 in

540 699 743 762 forum
762 714 967 760 omnes
1001 687 1285 772 compulsi
1313 735 1333 763 ,
1367 686 1654 772 paulisper
1691 684 1829 746 in'de
1874 697 2089 742 tenta-

539 795 761 845 verunt
802 791 1123 837 extremam
1169 787 1374 858 pugnae
1422 766 1740 828 fortunam.
1795 759 2085 835 Deinde,

542 857 783 941 abjectis
806 855 1019 926 armiS,
1062 849 1138 912 ad
1161 847 1503 930 quindecim
1536 843 1720 908 millia
1759 841 2087 904 hominum

547 943 617 1003 δι
658 931 1076 1022 quadringenti
1118 930 1180 991 in
1232 927 1407 990 fidem
1449 925 1706 988 consulis
1755 937 2086 986 venerunt.

545 1019 688 1081 caesa
720 1015 793 1078 ad
824 1032 1083 1097 quatuor
1120 1007 1300 1072 millia
1332 1005 1582 1071 trecenti
1619 1004 1942 1087 ostoginta.
1977 999 2089 1062 Sic

548 1097 625 1160 ad
665 1093 1017 1158 Cominium
1055 1135 1075 1165 ,
1121 1087 1198 1150 fic
1233 1086 1304 1150 ad
1349 1086 1728 1170 Aquiloniam
1808 1084 1924 1146 esta
1963 1101 2088 1144 res.

548 1175 697 1240 Inde
722 1173 919 1236 medio
945 1173 1100 1233 inter
1120 1169 1266 1252 duas
1287 1166 1464 1229 urbes
1487 1169 1522 1228 s
1550 1167 1672 1230 atio
1692 1213 1713 1242 ,
1749 1185 1792 1227 u
1835 1165 1857 1225 i
1899 1161 2086 1226 tertia

548 1254 877 1337 exspectata
930 1266 1056 1313 erat
1074 1265 1307 1390 sspugna
1347 1291 1367 1320 ‚
1415 1245 1498 1308 ho
1547 1267 1612 1308 es
1663 1265 1784 1310 non
1827 1241 2087 1307 inventi.

549 1337 775 1419 septem
798 1331 979 1395 millia
1000 1353 1072 1416 pa
1118 1349 1262 1390 uum
1285 1347 1474 1411 quum
1509 1323 1763 1388 abessent
1799 1324 1834 1386 ὲ
1871 1323 2106 1388 Comi--

548 1418 654 1479 nio
673 1461 694 1489 ‚
713 1412 978 1478 revocati
1001 1412 1072 1473 ab
1092 1407 1206 1471 suis
1228 1407 1422 1470 neutri
1438 1406 1636 1491 praelio
1659 1420 2082 1469 occurrerunt.

544 1495 762 1558 Primis
785 1492 969 1556 ferme
997 1488 1254 1551 tenebris
1273 1534 1294 1562 ,
1330 1507 1516 1568 quum
1534 1487 1595 1548 in
1620 1489 1771 1549 cons
1799 1485 1937 1547 estu
1961 1485 2084 1564 jam

544 1575 729 1638 castra
748 1621 767 1650 ,
786 1581 902 1650 iam
922 1567 1305 1655 Aquiloniam
1324 1565 1656 1629 habuissent
1673 1614 1693 1642 ,
1725 1587 1760 1629 c
1783 1587 1950 1628 amor
1972 1583 2085 1627 eos

549 1657 855 1737 utrimque
880 1673 981 1736 par
1008 1647 1281 1712 accidens
1318 1645 1585 1709 sustinuit
1618 1670 1634 1710 z
1667 1646 1880 1710 deinde
1908 1645 1945 1708 ὲ
1989 1665 2086 1707 re-

548 1736 731 1818 gione
775 1731 1094 1796 castrorum
1134 1774 1152 1804 ,
1210 1789 1214 1791 ,
1249 1747 1334 1789 uae
1376 1726 1608 1788 incensa
1661 1727 1734 1790 ab
1795 1725 2085 1788 Romanis

518 1833 717 1878 erant
741 1861 757 1887 ,
798 1812 1027 1874 flamma
1070 1806 1187 1870 late
1255 1808 1352 1869 usa
1390 1807 1660 1871 certioris
1703 1805 1885 1869 cladis
1921 1803 2084 1868 indi-

548 1897 649 1957 cio
688 1891 963 1977 progredi
1004 1886 1246 1970 longius
1281 1886 1610 1969 prohibuit.
1644 1891 1730 1950 Eo
1765 1887 1784 1948 i
1831 1888 1894 1950 so
1931 1885 2086 1949 loco

547 1988 578 2021 2
622 1993 805 2065 prope
857 1988 1076 2033 temere
1115 1966 1221 2029 sub
1263 1966 1439 2029 armis
1485 1967 1644 2029 strati
1683 1990 1756 2051 pa
1798 1990 1880 2029 rm
1911 2012 1931 2040 ,
1992 1966 2088 2028 in-

542 2070 819 2144 quietum
866 2068 1040 2112 omne
1096 2065 1330 2129 tempus
1383 2046 1573 2109 nostis
1605 2093 1628 2124 ,
1688 2046 2088 2132 exspestando

548 2130 935 2211 tlmendoque
961 2126 1158 2189 lucem
1181 2140 1437 2207 ‚egere
1478 2126 1666 2209 prima
1696 2127 1834 2189 luce
1867 2124 2090 2189 incerti

594 2232 729 2275 uam
772 2210 831 2270 i'n
868 2220 1094 2292 partem
1132 2205 1507 2268 intenderent
1544 2208 1699 2281 iter,
1743 2206 1986 2290 repen-te
2015 2206 2087 2269 in
2222 2262 2225 2273 .

580 2309 753 2383 ugam
777 2286 1222 2369 consternantur
1239 2333 1260 2361 ,
1299 2286 1594 2367 conspesti
1616 2286 1708 2348 ·ab
1734 2286 2040 2372 equitibus
2063 2308 2084 2349 ε
2215 2298 2226 2567 ¹

536 204 785 308 ³384·-
1010 191 1110 270 T.
1209 133 1642 268 Lrvir
2209 145 2225 299 i

550 2366 946 2463 qur-egressos
978 2358 1153 2429 noste
1181 2367 1254 2429 ab
1293 2388 1334 2427 o
1377 2366 1516 2451 pido
1560 2373 1846 2431 Samnites
1881 2368 2090 2452 perse-

552 2470 681 2515 cuti
705 2497 726 2525 ,
762 2449 1035 2513 viderant
1062 2446 1307 2512 multitu
1353 2449 1508 2509 inem
1526 2491 1548 2520 ‚
1593 2466 1711 2508 non
1731 2446 1928 2521 vallo,
1956 2466 2084 2509 non

552 2530 900 2596 stationibus
941 2526 1244 2591 firmatam.
1309 2524 1634 2607 Conspesta
1672 2528 1735 2587 &
1773 2545 1850 2587 ex
1893 2526 2084 2589 muris

554 2609 895 2694 Aquiloniae
931 2628 1009 2669 -ea
1047 2604 1372 2671 multitudo
1403 2618 1526 2665 erat
1566 2627 1584 2664 =
1620 2603 1856 2686 jamque
1895 2608 2086 2670 etiam

557 2689 895 2771 legionariae
913 2687 1196 2749 cohortes
1216 2682 1624 2765 sequebantur.
1655 2683 1948 2747 Ceterum
1967 2680 2084 2750 'nec

561 2768 743 2854 pedes
780 2769 1074 2851 fugientes
1114 2760 1384 2846 persequi
1419 2760 1655 2845 potuit:
1687 2766 1751 2827 δε
1771 2764 1846 2826 ab
1871 2767 2085 2851 equite

564 2849 855 2914 noviffimi
890 2843 1136 2928 agminis
1172 2841 1418 2905 ducenti
1462 2840 1647 2905 ferme
1684 2846 1748 2905 &
1775 2844 2088 2930 ostoginra
2222 2900 2225 2909 .

462 2946 471 2952 ’
564 2926 881 3001 interfcffl.
920 2930 1115 2987 Arma⁴
1143 2920 1328 2988 multa
1352 2920 1594 3008 pavidi,
1624 2942 1694 2987 ac
1729 2921 1886 3009 signa
1925 2926 2087 2991 mili·
2216 2952 2226 3121 1

628 3084 657 3171 r.
680 3124 815 3189 Prope
834 3127 1024 3184 temere]
1047 3121 1316 3171 Gronovius
1333 3121 1500 3172 mallet
1511 3155 1530 3183 ,
1544 3118 1665 3189 forte
1679 3133 1837 3173 temere
1851 3139 1868 3170 .-
1885 3134 1990 3189 quae
2007 3120 2088 3173 lo·

564 3186 742 3254 quendi
761 3186 921 3241 forma
938 3184 1066 3257 apud
1080 3189 1269 3241 Livium
1285 3184 1668 3244 utitatiffim‘est.
1685 3188 1775 3243 Vel
1796 3186 1898 3243 dele
1903 3198 2062 3261 prope=

1947 3264 2099 3317 3211ss
