2250 3850
449 210 630 307 ‘184‘
931 209 1026 287 T.
1125 215 1195 289 L
1251 240 1283 289 1
1336 236 1391 289 v
1444 236 1477 289 1
1532 238 1563 289 r

191 321 256 369 υ.
299 340 424 379 ..μμ
447 331 580 371 rum
604 307 782 372 caus&
807 308 1086 377 dixerunt
1111 318 1177 377 L.
1203 312 1503 377 AEmilium
1531 310 1985 389 Mamercinum}

193 384 422 439 ²·C·³3¹·
447 388 497 449 is
523 389 862 472 magistrum
887 395 1161 477 equitum
1190 400 1274 473 Q.
1308 391 1635 456 Publilium
1656 391 1978 453 Philonem
2050 458 2061 471 ‚

448 468 618 531 dixit.
680 469 986 535 Diclatore
1035 472 1276 537 comitia
1324 470 1579 535 habente
1622 516 1643 545 ‚
1704 470 1977 533 consules

192 550 420 647 ‘ug-Ve-
447 548 632 611 creati
664 552 796 613 sunt
833 558 905 615 T.
940 553 1224 616 Veturius
1254 600 1273 629 ,
1320 555 1357 613 S
1404 599 1421 616 .
1466 548 1822 615 Postumius.
1856 549 1978 611 Etfi

190 662 266 713 ΒΡ,
289 620 389 709 (125,
449 628 591 693 belli
673 651 761 692 ars
799 650 938 695 cum
977 632 1256 695 Sidicinis
1292 652 1357 694 re
1406 631 1541 695 abat
1573 678 1590 709 ‚
1628 648 1868 704 tamen,
1908 648 1981 693 ut

189 714 362 767 stumfo
447 708 597 771 bene
644 711 742 772 cio
794 712 1181 793 praevenirent
1227 711 1575 775 'defiderium
1616 709 1810 793 plebis
1835 756 1855 785 ,
1901 708 1979 771 de

144 833 149 838 -
191 768 322 822 ‘³⁰¹s·
445 788 684 852 colonia
716 788 1062 854 deducenda
1090 791 1273 855 Cales
1304 789 1976 871 retuleruntzfat’coque

443 869 984 953 senatusconsulto,
1015 888 1086 934 ut
1123 871 1247 935 duo
1282 872 1465 935 millia
1509 869 1819 955 quingenti
1858 868 1979 932 ho-

443 947 630 1011 mines
657 948 732 1010 εὸ
758 950 1161 1014 scriberentur
1177 996 1197 1025 ,
1224 952 1576 1015 triumviros
1606 948 1852 1012 coloniae
1876 947 1979 1010 de-

441 1028 727 1091 ducendae
765 1049 794 1089 a
840 1050 1030 1112 toque
1073 1030 1408 1095 dividundo
1451 1047 1804 1093 creaverunt
1837 1030 1979 1091 Cae-

437 1108 640 1171 sonem
679 1107 804 1168 Dui
829 1108 952 1170 ium
974 1154 997 1185 ‚
1028 1113 1098 1172 T.
1121 1111 1471 1188 -Quintium
1490 1156 1509 1185 ,
1538 1117 1621 1171 M.
1659 1108 1917 1199 Fabiani.

517 1189 715 1249 XVII.
768 1188 1193 1257 Novi0'deinde
1241 1190 1510 1253 consules
1536 1231 1555 1261 ,
1594 1188 1630 1251 ὲ
1672 1187 1981 1252 veteribus

441 1265 710 1333 exercitu
737 1285 986 1351 accepto
1003 1314 1024 1343 ‚
1053 1268 1286 1351 ingreffi
1311 1269 1566 1332 hostium
1593 1267 1769 1344 fines,
1792 1287 1980 1351 popu-

433 1344 614 1409 lando
642 1346 827 1429 usque
863 1346 937 1409 ad
961 1350 1193 1427 moenia
1232 1367 1413 1431 atque
1448 1348 1657 1411 urbem
1692 1366 1981 1428 pervene-

435 1444 598 1490 tunt.
650 1426 742 1489 Ibi
769 1473 784 1501 ,
829 1428 969 1510 quia
1002 1427 1257 1505 -ingenti
1304 1430 1575 1491 exercitu
1629 1442 1977 1516 comparato

433 1505 680 1568 Sidicini
719 1552 740 1579 ,
779 1509 842 1569 &
885 1505 988 1590 ipfi
1031 1528 1141 1591 pro
1189 1524 1451 1569 extrema
1490 1509 1526 1568 s
1554 1526 1587 1567 e
1637 1504 1979 1567 dimicaturi

435 1586 612 1649 enixe
637 1584 988 1651 videbantur
1009 1629 1027 1659 ,
1066 1590 1131 1649 δε
1164 1585 1468 1649 Samnium
1520 1606 1645 1647 ama
1670 1603 1795 1647 erat
1822 1604 1976 1647 con-

437 1666 549 1729 ciri
573 1665 648 1730 ad
671 1664 896 1729 bellum
917 1712 938 1740 ‚
975 1664 1229 1730 distator
1259 1665 1330 1728 ab
1358 1662 1703 1728 censalibus
1724 1708 1745 1738 ,
1771 1684 1843 1725 ex
1872 1684 1979 1726 au-

181 1745 282 1841 ·J:
315 1744 714 1844 CJ-storitate
740 1746 967 1809 senatus
984 1792 1006 1821 ‚
1029 1744 1225 1808 distus
1251 1747 1321 1808 P.
1348 1744 1668 1809 Cornelius
1694 1742 1976 1819 Rufinus,

180 1816 328 1907 30:2⁶5,
375 1818 706 1909 '’xmagister
732 1827 1007 1917 equitum
1031 1830 1114 1889 M.
1142 1826 1466 1890 Antonius.
1506 1823 1737 1906 Religio
1761 1821 1978 1886 deinde

427 1907 708 1980 incessit,
755 1906 1040 1970 Vitio-eos
1077 1924 1314 1969 creatos
1358 1929 1375 1971 ε
1420 1905 1874 1988 magistratuque
1919 1904 1978 1965 se

433 1985 878 2048 abdicaverunt.
912 1989 972 2048 δι
994 2032 1014 2060 ,
1043 1984 1184 2066 quia
1217 1983 1543 2068 pestilentia
1573 1985 1832 2046 insecuta
1858 1982 1977 2058 est,

439 2073 460 2108 ²
501 2064 667 2129 velut
703 2063 984 2127 omnibus
1021 2083 1098 2126 eo
1138 2063 1292 2127 vitio
1333 2065 1623 2128 contactis
1664 2062 1976 2147 auspiciis,

434 2164 529 2207 res
564 2143 638 2206 ad
671 2146 1080 2226 interregnum
1115 2142 1316 2209 rediit.
1358 2145 1437 2208 ab
1472 2147 1817 2226 interregno
1857 2139 1975 2203 ini-

179 2213 410 2316 28⁴²}
434 2241 502 2287 to
543 2245 648 2309 per
687 2222 970 2308 quintum
1003 2221 1247 2286 demum
1288 2223 1647 2306 interregem
1674 2270 1695 2297 ‚
1733 2227 1818 2287 M.
1858 2227 1980 2284 Va·

207 2284 648 2390 A.j‹³:<³‚1:1erium
675 2307 950 2368 Corvum
969 2350 990 2379 ‚
1027 2303 1213 2366 creati
1248 2304 1518 2386 consules
1549 2308 1627 2366 A.
1653 2300 1983 2365 Cornelius

180 2379 312 2427 ”2¹¹0
349 2388 409 2432 1¹·
429 2385 697 2460 iterum,
732 2387 794 2448 δι
828 2386 945 2446 Cn.
985 2382 1312 2447 Domitius.
1355 2383 1714 2468 Tranquillis
1754 2381 1930 2444 rebus
1956 2426 1981 2456 ‚

178 2440 408 2540 guimon-
432 2464 589 2528 fama
641 2463 860 2528 Gallici
898 2463 1043 2528 belli
1091 2474 1124 2505 ²
1168 2475 1279 2547 pm
1320 2464 1587 2528 tumultu
1631 2461 1819 2526 valuit
1845 2507 1862 2533 ,
1907 2478 1980 2524 ut

179 2545 312 2602 0011}
423 2543 786 2608 dictatorem·
833 2541 954 2606 dici
999 2542 1279 2628 placeret.
1328 2544 1554 2606 Didius·
1584 2547 1668 2603 M.
1707 2539 1981 2621 Papirius

421 2674 428 2682 ’
504 2697 524 2729 1
565 2682 709 2732 Velut
740 2683 944 2736 omnibus
973 2699 1020 2732 eo
1051 2685 1171 2733 vitio
1231 2686 1305 2734 ela
1338 2685 1441 2733 sum
1480 2695 1660 2730 annum
1691 2680 1831 2731 suum?
1859 2697 1972 2730 ma·

426 2745 650 2796 contaffis
665 2745 920 2824 auspiciis]
945 2746 1090 2796 Velut
1107 2765 1168 2798 eo
1230 2753 1279 2814 gi
1321 2761 1426 2797 ratu
1462 2745 1773 2803 abeuntibus,
1806 2761 1873 2793 res
1910 2746 1979 2794 ad·

429 2813 551 2860 vitio
578 2825 680 2858 uon
711 2809 952 2858 diaatoris
979 2809 1128 2858 modo
1145 2847 1167 2870 ,
1232 2817 1556 2876 interregnum
1570 2808 1725 2858 rediit.
1739 2809 1851 2860 Vid.
1867 2825 1975 2860 not.

429 2875 510 2926 sed
527 2877 577 2924 δε
594 2873 841 2924 consulum
891 2876 1165 2939 uoqueaus-
1229 2893 1280 2938 4.
1304 2876 1367 2925 ad
1392 2881 1477 2926 v1.
1504 2889 1549 2934 5.

428 2942 556 3006 picia
573 2938 790 2990 conta&
809 2955 838 2987 e
876 2952 954 2988 ent
967 2937 1031 2998 ,a
1050 2954 1169 2988 con·
1298 2957 1327 2986 2
1364 2947 1448 2992 Pro
1480 2935 1719 3002 tumultu]
1762 2937 1809 2986 si
1847 2936 1975 2986 nolis

429 3003 460 3053 1⁴
510 3006 608 3053 ‘bus
657 3001 852 3056 comitia
897 3004 1064 3052 haberi
1115 3006 1167 3054 in
1232 3006 1319 3055 has
1349 3021 1487 3055 voces
1520 3019 1631 3053 cum
1659 3009 1780 3052 Tan.
1817 3002 1983 3050 Fabto

428 3069 482 3118 in
502 3083 744 3134 equentem
782 3082 959 3116 annum
995 3068 1164 3118 nolue-
1231 3069 1386 3120 delere
1403 3105 1422 3132 ,
1461 3083 1641 3134 expone
1672 3101 1687 3123 ‚
1726 3063 1855 3131 quasi
1897 3079 1973 3114 tu-

426 3147 540 3182 runt
569 3139 724 3182 Patres
755 3151 768 3180 z
801 3132 1169 3198 consulibusque
1231 3134 1408 3184 multus
1430 3137 1589 3199 ingens
1611 3132 1773 3195 magni
1810 3145 1865 3177 ue
1886 3145 1968 3193 pe·-

379 3201 389 3209 ’
425 3211 513 3248 aut
536 3198 770 3250 abdicate-
788 3196 912 3263 wffis
923 3211 1044 3260 ,aut
1058 3197 1169 3264 post
1231 3199 1371 3252 rituli
1392 3202 1533 3250 minae
1552 3209 1729 3248 exmtae
1811 3205 1915 3244 ent..
