2250 3850
597 229 666 307 1,
719 256 748 305 1
802 253 846 305 n
901 250 950 305 Β
1006 252 1076 305 nr
1170 228 1369 307 VII.
1610 256 1762 333 147

232 324 496 403 &oribus
513 328 792 393 Patribus
818 328 958 393 tulit
983 321 1056 393 ad
1082 328 1374 424 populum
1398 328 1458 393 in
1480 328 1623 395 luco
1654 336 1768 398 Pe·
1784 342 2011 411 υ.ε.4ι”ι.”

233 402 418 472 telino
437 450 456 481 ,
480 410 678 480 necui
701 409 958 473 militum
981 408 1177 473 fraudi
1200 408 1437 473 secessio
1456 409 1613 477 effer.
1637 416 1885 479 ora-²00·
1904 413 2017 473 3393

227 489 318 553 vit
335 488 512 553 etiam
529 490 687 555 bonai
703 490 873 555 venia‘i
892 491 1171 572 Quirites
1190 536 1209 566 ,
1236 508 1310 553 ne
1336 490 1473 576 quis
1492 512 1621 555 eam
1641 514 1764 561 rem

225 567 368 649 joco
398 570 626 636 seriove
651 572 932 657 cuiquam
959 572 1360 655 exprobraret.
1398 582 1421 615 ¹
1460 575 1584 634 Lex
1652 594 1768 637 no-

268 669 350 713 ue
385 651 604 714 sacrata
645 651 912 717 militaris
944 648 1062 713 lata
1095 651 1178 715 est
1198 697 1217 725 ,
1243 672 1319 713 ne
1354 651 1529 732 cuius
1561 673 1642 718 mx
1668 653 1771 719 itis

253 729 438 813 cripti
465 751 680 795 nomen
694 777 716 807 ‚
737 729 840 797 nifi
864 731 988 814 ipso
1010 730 1249 797 volente
1262 778 1283 807 ‚
1304 730 1603 795 deleretur
1624 730 1641 796 ἑ
1664 732 1771 798 ad·

221 808 544 895 dirumque
579 812 730 896 legi,
757 831 832 874 ne
855 810 994 905 quis
1014 858 1036 889 ,
1067 810 1172 875 ubi
1210 811 1483 875 tribunus
1510 812 1771 881 militum

222 887 428 958 fuisset
446 938 466 966 ‚
574 892 690 955 stea
713 905 740 937 ²
767 891 1048 955 ordinum
1075 890 1289 956 ductor
1317 890 1475 957 esset.
1520 892 1593 957 Id
1620 915 1769 978 pro-

229 986 365 1052 pter
391 972 457 1031 P.
535 972 796 1037 alonium
821 969 1179 1056 postulatum
1204 970 1285 1034 est
1310 971 1381 1035 ab
1406 972 1773 1053 conjurati8‚

228 1052 338 1133 qui
363 1048 609 1117 alternis
631 1070 814 1137 prope
839 1052 1006 1115 annis
1033 1100 1050 1128 ,
1079 1055 1143 1117 &
1167 1050 1440 1117 tribunus
1468 1052 1724 1117 militum
1742 1098 1768 1131 ,

227 1134 294 1195 δε
321 1131 551 1216 primus
582 1133 860 1197 centurio
887 1149 1016 1193 erat
1036 1179 1056 1209 ,
1082 1152 1265 1215 quem
1289 1152 1447 1197 nunc
1478 1134 1766 1219 primipili

225 1210 547 1295 appellant.
602 1214 764 1276 Huic
801 1210 1016 1275 infenii
1062 1212 1281 1275 milites
1328 1231 1497 1275 erant
1530 1260 1551 1290 ,
1590 1212 1764 1299 quod

228 1292 457 1375 semper
488 1290 824 1358 adversatus
853 1292 1026 1355 novis
1053 1287 1307 1354 consiliis
1334 1290 1565 1370 fuiffet,
1586 1305 1607 1346 ³
1648 1314 1765 1357 nec

229 1373 528 1455 particeps
558 1392 768 1435 eorum
808 1370 986 1448 effer,
1015 1372 1120 1454 qui
1161 1372 1233 1433 ab
1270 1372 1535 1437 Lautulis
1578 1372 1766 1465 fugis..

225 1452 376 1515 sent.
399 1454 614 1537 Itaque
637 1470 826 1535 quum
845 1450 966 1513 hoc
991 1471 1178 1515 unum
1196 1469 1438 1537 propter
1462 1452 1765 1517 Salonium

222 1534 302 1595 ab
352 1532 558 1597 senatu
584 1540 726 1594 'non
774 1532 1189 1616 impetraretur
1225 1560 1246 1609 3
1288 1549 1417 1595 tum
1452 1533 1768 1610 Salonius,

224 1609 555 1676 obtestatus
579 1614 782 1677 Patres
806 1612 1058 1675 Conseri
1099 1628 1199 1675 tos
1218 1658 1240 1689 ,
1275 1632 1349 1675 ne
1374 1615 1545 1675 suum
1566 1614 1765 1678 hono-

225 1712 356 1757 rem
390 1692 577 1776 pluris
603 1693 787 1777 quem
817 1712 1042 1755 concor
1085 1692 1202 1755 iam
1234 1691 1495 1755 civitatis
1528 1692 1765 1755 aestima-

217 1786 366 1837 'rent
399 1818 420 1848 ,
458 1772 719 1857 perpulit
759 1789 827 1835 ut
859 1771 922 1834 id
998 1789 1203 1853 uoque
1240 1770 1518 1833 ferretur.
1567 1772 1801 1853 AEque‘

223 1851 524 1936 {inpotens
562 1850 919 1938 postulatum
991 1850 1117 1928 uit,
1158 1862 1192 1905 4
1233 1868 1303 1914 ut
1348 1851 1421 1913 de
1473 1850 1763 1936 stipendio

221 1934 506 2018 equitum
535 1932 889 2012 (merebant
909 1949 1118 1998 autem
1136 1941 1165 1984 5
1189 1930 1405 2018 triplex
1430 1931 1499 1996 ei
1521 1951 1760 2017 tempe-

223 2013 424 2093 state)
447 2035 556 2078 aera
583 2013 962 2086 demerentur
979 2059 1002 2088 ‚
1044 2010 1214 2096 quod
1236 2011 1521 2080 adversati
1548 2015 1761 2097 conju·

225 2093 448 2158 rationi
491 2091 748 2158 fuissent.

309 2177 494 2237 XLII.
537 2176 752 2242 Praeter
787 2173 910 2238 haec
952 2174 1195 2240 invenio
1236 2174 1393 2259 ‘apud
1476 2173 1718 2238 uosdam
1739 2219 1763 2252 ,

225 2255 297 2318 12.
329 2253 708 2330 Genucium,
733 2255 1038 2320 tribunum
1066 2254 1257 2336 plebis
1276 2300 1296 2331 ,
1327 2252 1439 2318 tuli
1484 2275 1518 2314 e
1548 2254 1625 2316 ad
1650 2277 1761 2337 po-

223 2332 444 2417 pulum
477 2378 501 2410 ,
544 2355 619 2402 ne
663 2334 963 2400 foenerare
1004 2334 1230 2400 liceret.
1275 2333 1418 2396 item
1462 2331 1591 2397 aliis
1634 2333 1763 2416 ple-

301 2479 322 2514 ι
367 2469 464 2512 Lex
483 2498 498 2512 .
519 2498 532 2512 .
549 2498 563 2512 .
590 2465 806 2530 sacrata]
849 2465 965 2516 vid.
1029 2479 1096 2530 go
1123 2463 1313 2528 opinari
1343 2461 1589 2510 Salonium
1610 2461 1768 2526 ipsum

223 2542 333 2579 not.
363 2544 410 2576 ι..
442 2529 504 2578 ad
526 2547 569 2578 e.
604 2545 679 2588 33.
709 2531 742 2578 1.
771 2535 835 2580 11.
1029 2543 1273 2592 exceptum
1310 2541 1420 2574 cum
1439 2525 1559 2577 aliis
1578 2559 1595 2584 ,
1635 2523 1767 2591 quod

297 2609 324 2642 2
364 2593 584 2643 ordinum
609 2592 804 2655 dubl-r]
835 2599 958 2644 Cen·
1029 2607 1133 2642 tum
1158 2607 1347 2657 quoque
1375 2589 1494 2640 illud
1527 2588 1765 2656 flagitium

225 2660 378 2706 turio.
408 2657 520 2708 Vid.
538 2673 639 2707 not.
662 2674 710 2705 2.
732 2658 795 2708 ad
811 2673 854 2708 c.
881 2671 959 2718 ῃ.
1028 2658 1325 2722 improbaret
1340 2689 1357 2716 ‚
1384 2655 1449 2704 ab
1466 2655 1764 2706 mulmen-

226 2721 268 2770 1.
297 2725 362 2770 11.
1028 2722 1157 2770 tibus
1208 2717 1319 2785 fugfi
1370 2721 1415 2768 se
1460 2717 1722 2770 subduxiss‘e
1738 2755 1758 2781 ,

288 2803 309 2845 3
334 2791 429 2834 Nec
439 2788 694 2865 particeps]
721 2790 838 2850 Lege
855 2801 965 2836 cum
1026 2787 1198 2851 eosque
1223 2781 1436 2834 habuiffie
1461 2781 1681 2834 offensos.

231 2856 518 2900 Gronovio:
543 2853 604 2898 131
623 2867 711 2905 ‚ne
742 2849 968 2916 particeps
1094 2867 1128 2910 4
1168 2855 1240 2897 ‘Ut
1284 2848 1341 2897 de
1419 2849 1597 2914 ipendio
1640 2848 1761 2916 equi·

231 2929 383 2962 eorum
411 2914 513 2980 effer
529 2946 546 2971 ,
579 2914 637 2961 ab
663 2912 870 2962 Lautulis
885 2916 968 2982 fu·
1007 2927 1155 2970 ¹tum.
1174 2947 1187 2960 .
1204 2949 1217 2960 .
1244 2930 1335 2962 aera
1386 2920 1665 2973 emerentur]
1695 2917 1763 2958 Ut

224 2978 375 3044 giffet.
409 2983 595 3043 Nempe
623 2978 895 3026 adoleverat
915 2981 974 3028 δε
1030 2977 1216 3044 aliquid
1242 2977 1565 3026 detraheretur
1596 2975 1653 3022 de
1682 2973 1762 3021 sti-

231 3057 542 3155 plrloruperatc¹
565 3045 836 3154 {oniuiatip
859 3041 970 3154 ἄξι’
1065 3042 1209 3092 endio
1244 3040 1374 3107 quod
1411 3039 1645 3106 equitibus
1678 3037 1765 3085 da-

234 3123 252 3153 ι
295 3123 349 3155 os
411 3124 458 3156 ui
481 3123 508 3156 a
601 3121 714 3154 autu
735 3121 786 3154 as
828 3121 857 3153 u
935 3123 975 3154 ι·
1071 3123 1199 3156 atur.

232 3124 425 3231 terantq,
460 3171 672 3234 aliosque
697 3170 761 3218 ab
788 3170 976 3218 consule
1103 3184 1123 3226 5
1163 3166 1387 3233 Triplex]
1422 3163 1642 3228 'triplum
1673 3165 1772 3229 ejus

235 3231 401 3286 miffos
423 3247 721 3302 exceperant.
758 3234 884 3283 Licet
903 3249 979 3282 et·
1041 3232 1173 3299 quod
1188 3231 1323 3298 pedes
1340 3229 1619 3300 accipiebat.

1393 3291 1587 3374 Gi).
