2250 3850
501 308 511 313 ,
668 223 1377 305 LrnanX.
1638 238 1797 338 '233'

199 375 206 378 -
266 323 523 390 reditum
555 326 621 390 in
655 328 897 412 patriam
931 325 1005 390 ad
1036 342 1342 410 parentes,
1370 321 1496 408 quo
1525 323 1665 410 saepe
1689 327 1793 411 ipfi
1816 349 2046 402 u-mzti

266 406 629 491 majoresque
667 430 876 472 eorum
914 405 1344 490 triumphantes
1384 402 1686 467 venissent.
1729 416 1790 470 Se
1809 405 2044 459 3341,-

251 485 401 565 filos
416 489 535 570 Jine
572 489 801 552 vulnere
832 535 851 564 ‚
879 490 1000 572 fine
1022 491 1180 568 ferro
1200 529 1221 556 ,
1239 487 1362 568 fine
1402 487 1521 546 acie
1565 488 1744 547 vissos
1767 514 1788 549 .-

247 567 363 644 ,βότ’
383 570 769 652 nonstringere
789 569 995 651 licuzffe
1014 568 1240 650 gladios
1255 609 1274 636 ,
1303 587 1406 626 non
1426 587 1646 626 manum
1667 589 1792 627 cum

262 648 401 723 hoste
444 652 685 728 confirre
719 676 737 711 .-
762 649 879 731 fibi
917 651 1284 730 nequicquam
1320 667 1478 706 arma
1496 688 1518 717 ‚
1560 649 1790 727 nequic-

263 747 433 808 quam
458 733 648 799 vires,
675 732 873 812 nequic
914 751 1043 790 uam
1066 731 1276 788 animos
1303 729 1477 787 datos.
1505 729 1645 786 Haec
1674 723 1791 787 fre·
1871 745 1950 787 sub
1971 746 2040 802 fu.

261 806 564 870 mentibus
597 807 743 872 hora
774 806 894 871 fata
921 809 969 869 is
1008 807 1335 890 ignominiae
1367 804 1647 880 advenit,
1669 813 1903 868 ωτι-ὄψ’·
1941 803 2043 846 '’⁸²²-

261 885 362 948 nia
408 888 658 951 tristiora
709 887 1079 972 experiundo
1120 885 1344 948 factura
1370 930 1393 960 ‚
1437 884 1620 969 quam
1661 860 2040 968 quaessss'sssh'

261 986 660 1051 praeceperant
682 968 905 1032 animis.
950 974 1079 1040 Jam
1102 964 1357 1050 primum
1384 985 1520 1026 cum
1547 963 1624 1026 fin
1673 965 1788 1028 ulis

4 1068 7 1124 ῃ
259 1045 627 1112 vestimentis
651 1049 903 1111 inermes
931 1064 1096 1110 extra
1120 1046 1338 1110 vallum
1361 1044 1520 1106 exire
1538 1043 1603 1136 ju
1690 1048 1792 1109 2&

259 1126 435 1206 primi
469 1127 669 1190 traditi
707 1127 969 1201 obfideS,
1012 1145 1192 1211 atque
1226 1126 1287 1188 in
1326 1123 1648 1187 custodiam
1687 1124 1794 1188 ab·
1867 1149 1874 1152 ·

260 1205 446 1270 ducti.
485 1210 640 1270 Tum
664 1207 697 1270 a
724 1207 1065 1271 consulibus
1104 1221 1125 1250 1
1162 1205 1320 1268 abire
1353 1203 1590 1267 listores
1621 1205 1749 1285 jusfi
1767 1254 1790 1285 ,

256 1284 793 1372 paludamentaque
823 1287 1081 1350 detracta
1097 1333 1119 1362 ‚
1159 1302 1381 1354 tantam
1412 1283 1566 1345 inter
1599 1285 1754 1368 ipsos
1768 1331 1792 1362 ‚

258 1365 370 1448 qui
409 1366 586 1447 paulo
626 1367 759 1430 ante
794 1387 899 1430 eos
934 1367 1342 1440 exsecrantes»,
1373 1363 1673 1427 dedendos
1708 1365 1796 1429 la<

258 1444 663 1528 cerandosque
697 1449 1039 1510 censuerant
1071 1491 1093 1519 ‚
1129 1443 1564 1509 miserationem
1603 1442 1792 1521 fecit,

256 1539 333 1586 ut
358 1526 467 1588 suoe
492 1526 744 1611 quisque
770 1527 1134 1590 conditionis
1155 1524 1388 1614 pblitus
1414 1569 1434 1599 ,
1462 1523 1534 1586 ab
1563 1523 1664 1587 illa
1690 1524 1793 1588 de-

256 1602 617 1667 formatione
650 1624 822 1669 tantae
858 1605 1167 1686 majestatis
1187 1653 1208 1680 ,
1230 1604 1398 1671 velut
1431 1602 1504 1667 ab
1533 1603 1792 1671 nefando

253 1683 593 1769 spectaculo
612 1731 633 1760 ,
659 1704 953 1750 averteret
977 1685 1209 1750 oculos,

337 1769 444 1830 VI.
485 1764 667 1828 Primi
706 1766 975 1830 consules
1017 1784 1203 1848 prope
1241 1761 1526 1824 seminudi
1568 1759 1674 1824 sub
1704 1760 1796 1843 ju·

254 1860 401 1927 gum
443 1843 631 1908 miffi:
665 1863 833 1919 tum,
865 1863 934 1909 ut
974 1845 1117 1929 quis
1152 1865 1224 1906 ue
1267 1841 1452 1927 gradu
1489 1843 1794 1927 ‘proximus
1881 1897 1890 1905 .

255 1943 383 1988 erat
416 1972 437 2000 ,
482 1926 561 1989 ita
603 1926 935 2020 ignominiae
974 1867 1244 2005 objei‘tus
1284 1947 1299 1988 ε
1339 1942 1467 1987 tum
1510 1921 1792 2011 deinceps

250 2002 488 2087 fingulae
520 2006 801 2089 legiones.
834 2005 1285 2070 circumstabant
1317 2004 1521 2068 armat‘i
1555 2001 1750 2067 hostes
1773 2052 1794 2083 ,

253 2107 328 2150 ex
375 2084 677 2149 robrantes
723 2085 1385 2171 eludentesqueegladii
1433 2084 1608 2147 etiam
1658 2083 1790 2168 ple·-

248 2167 305 2233 τί
330 2187 449 2251 que
478 2165 752 2231 intentati
775 2191 789 2231 ε
810 2172 872 2231 δε
906 2166 1200 2233 vulnerati
1239 2165 1479 2249 quidam
1505 2211 1525 2240 ,
1564 2165 1787 2227 necati-

252 2267 411 2329 que‚
444 2246 484 2308 fi
510 2247 711 2312 vultus
739 2268 951 2311 eorum
981 2245 1333 2327 indignitate
1367 2266 1564 2307 rerum
1595 2244 1788 2309 acrior

186 2404 199 2410 ,
251 2327 543 2393 νίἂοτεω
580 2323 922 2390 offendiss‘et.
962 2331 1057 2388 Ita
1096 2323 1348 2388 traducti
1386 2323 1494 2385 sub
1527 2322 1734 2408 jugum
1759 2368 1784 2399 ,

252 2410 351 2483 δι,
378 2405 545 2491 quod
574 2404 724 2489 pene
750 2405 987 2489 gravius
1013 2422 1140 2467 erat
1161 2450 1182 2477 ,
1217 2424 1320 2486 per
1345 2402 1601 2465 hostium
1628 2422 1784 2467 ocu-

250 2486 346 2550 los
371 2534 391 2563 ‚
434 2506 625 2571 quum
662 2506 737 2548 ex
780 2484 928 2547 saltu
967 2482 1264 2551 evafiffent
1301 2510 1332 2557 ς·
1363 2480 1466 2545 etfi
1500 2482 1670 2545 velut
1707 2482 1782 2546 ab

248 2566 459 2630 inferis
497 2565 744 2630 extracti
787 2584 915 2629 tum
954 2562 1210 2647 primum
1251 2562 1449 2625 lucem
1486 2562 1781 2646 adspicere

250 2646 358 2712 vifi
393 2648 562 2721 sunt,
601 2663 793 2709 tamen
833 2647 951 2739 ipsa
980 2644 1085 2708 lux
1121 2644 1201 2707 ita
1239 2642 1510 2705 deforme
1545 2643 1784 2707 intuen-

250 2727 416 2792 tibus
456 2744 661 2809 agmen
703 2747 864 2789 omm
903 2744 1097 2789 morte
1132 2722 1346 2788 tristior
1386 2720 1522 2785 fuit.
1565 2728 1780 2808 Itaque

2 2857 7 2886 «,
251 2828 445 2893 quum
471 2823 600 2868 ante
628 2806 860 2870 noctem
888 2810 1156 2891 Capuam
1180 2803 1488 2888 pervenire
1553 2801 1738 2867 offent
1757 2848 1777 2878 ,
1813 2810 2034 2882 'enpus-

2 2893 12 2956 f
248 2887 463 2952 incerti
506 2885 579 2951 de
620 2886 733 2949 fide
768 2886 1102 2961 sociorum,
1126 2887 1189 2947 &
1217 2882 1387 2967 quod
1421 2904 1501 2967 pu
1547 2904 1615 2944 or
1641 2903 1781 2964 prae-
1801 2884 2001 2937 veniunt.

248 2968 527 3057 pediebat
550 3016 566 3042 ,
591 2967 748 3029 circa
781 2967 935 3031 viam
967 2963 1127 3029 haud
1163 2963 1377 3049 procul
1413 2960 1622 3044 Capua
1658 2983 1783 3025 om·

319 3113 340 3146 ι
377 3097 531 3149 Abire
547 3094 721 3147 lifiores
739 3093 839 3157 iuffl
856 3130 871 3155 ,
898 3106 981 3161 pa·
1043 3095 1128 3143 bio
1135 3094 1354 3159 fecerum.
1376 3096 1450 3141 De
1467 3086 1786 3159 paludamento

244 3162 594 3229 {adamantaque
612 3156 870 3208 durana...
893 3160 977 3208 mi·
1040 3158 1141 3207 vid.
1170 3172 1276 3207 not.
1313 3170 1360 3205 ι.
1388 3154 1452 3208 ad
1481 3153 1516 3203 l.
1549 3158 1592 3201 1.
1623 3166 1668 3203 c.
1703 3160 1785 3202 26.

207 3244 212 3250 ·
236 3228 506 3300 [orationem
519 3224 635 3293 fecit
656 3231 679 3287 ]
706 3222 877 3277 Procul
896 3220 982 3275 du·
1043 3220 1202 3289 supta-
