2250 3850
638 225 701 317 Ι.
740 261 777 340 1
822 260 868 318 n
916 259 965 316 n
1016 261 1067 319 n
1163 237 1204 314 1
1220 235 1310 317 X.
1587 239 1752 344 287

207 337 501 418 tradunt)
540 337 904 422 speculatum
928 341 986 402 se
1011 339 1239 403 iturum
1239 330 1548 482 grofeffus
1568 388 1587 417 ‚
1607 341 1742 408 bre·
1775 342 2012 400 uec-⁴⁴⁴²

213 420 393 504 vique
428 421 628 484 omnia
657 436 826 484 certa
861 420 1201 506 allaturum.
1273 433 1276 435 ’
1305 438 1414 482 aere
1455 417 1744 486 educatus
1771 401 2013 461 '‘⁰³⁰''

207 501 369 584 apud
398 500 665 585 hospites
688 548 708 577 ‚
740 503 998 564 Etruscis
1033 500 1175 565 inde
1213 497 1433 564 litteris
1471 501 1748 567 eruditus

203 598 370 658 crat,
387 579 771 665 linguamque
795 585 1095 646 Etruscam
1118 580 1307 664 probe
1332 599 1599 646 noverat.
1627 588 1749 647 Ha-

204 657 329 736 beo
364 663 637 726 auttores
671 662 860 746 vulgi>
897 681 1031 726 tum
1069 665 1366 724 Romanos
1407 681 1659 746 puetoS,
1679 662 1752 725 fi-

203 760 319 805 cut
350 755 512 806 nunc
542 743 769 806 Graecis
799 790 818 817 ,
856 743 941 806 ita
971 741 1231 805 Etruscis
1265 740 1482 804 litteris
1519 741 1752 808 eruditi

205 821 435 886 solitos.
480 821 597 884 Sed
628 823 871 906 propius
906 813 991 884 est
1026 843 1174 885 vero
1196 868 1215 897 ‚
1253 824 1614 908 praecipuum
1646 822 1752 886 ali·

213 902 371 996 quid
410 899 578 965 fuisse
610 901 673 966 in
709 922 785 968 eo
824 949 844 976 ‚
928 903 991 966 ui
1034 904 1092 964 se
1124 919 1244 966 tam
1281 902 1488 966 audaci
1525 901 1756 968 {imula-

208 997 385 1046 tione
427 979 694 1046 hostibus
735 983 899 1048 immi
925 983 1137 1046 cuerit.
1183 983 1382 1046 servus
1428 982 1483 1047 ei
1523 983 1756 1048 dicitur

216 1080 425 1138 comes
462 1083 617 1127 unus
650 1059 818 1127 fuiffe
856 1063 1116 1128 nutritus
1153 1062 1269 1127 una
1292 1110 1311 1138 ,
1349 1083 1544 1148 eoque
1591 1061 1755 1128 haud

210 1141 456 1227 ignarus
493 1142 705 1227 linguae
749 1143 1027 1226 ejusdem.
1067 1163 1180 1207 nec
1224 1143 1550 1238 quicquam
1590 1143 1756 1210 aliud

212 1221 658 1317 proficiscentes
675 1224 906 1310 ,quam
933 1223 1262 1288 sununatim
1295 1223 1590 1308 regioni8‚
1622 1243 1756 1311 quae

214 1301 489 1366 intranda
522 1322 649 1366 erat
666 1349 687 1378 ,
714 1323 981 1368 naturam
999 1350 1021 1381 ‚
1050 1324 1118 1367 ac
1156 1305 1393 1367 nomina
1420 1305 1760 1391 principum

213 1381 286 1448 in
328 1381 566 1477 populis
604 1404 885 1468 accepere
928 1419 945 1459 ς
986 1404 1061 1448 ne
1102 1383 1221 1466 qua
1260 1383 1414 1446 inter
1455 1382 1763 1470 colloquia

218 1459 435 1544 infigm
460 1461 600 1525 notai
624 1461 944 1529 haefitantes
966 1461 1329 1547 deprehendi
1355 1461 1602 1550 poffent.
1628 1471 1764 1528 lere

262 1541 491 1606 astorali
518 1543 733 1608 habitu
751 1592 773 1622 ,
808 1544 1128 1639 agrestibus
1164 1542 1338 1621 telis,
1368 1543 1622 1607 falcibus
1651 1563 1768 1629 gae-

214 1564 409 1707 {isque
450 1622 606 1687 binis
652 1644 877 1688 armati.
932 1626 1049 1690 Sed
1094 1646 1290 1709 neque
1340 1626 1769 1690 commercium

219 1703 437 1787 linguae
458 1749 479 1778 ,
505 1724 618 1767 nec
654 1704 828 1769 vestis
862 1725 1235 1769 armorumve
1268 1702 1511 1767 habitus
1547 1703 1626 1766 fic
1660 1721 1774 1769 eos

227 1783 425 1859 texit,
450 1783 635 1868 quam
667 1783 837 1871 quod
868 1797 889 1838 ³
926 1783 1284 1848 abhorrebat
1315 1781 1351 1846 ’ἓι
1383 1783 1537 1861 fide,
1561 1805 1772 1868 quem·

226 1885 410 1947 quam
455 1883 769 1929 externum
816 1865 1115 1931 Ciminios
1165 1863 1341 1929 saltus
1386 1862 1768 1931 intraturum.

222 1947 432 2027 Usque
465 1944 538 2007 ad
570 1946 879 2011 Camertes
914 1945 1173 2012 Umbros
1204 1942 1526 2031 penetraffe-
1558 1946 1770 2012 dicun·

216 2027 369 2101 stur:
399 2024 522 2099 ibi,
551 2023 659 2109 qui
698 2026 917 2110 essent,
942 2026 1119 2092 fateri
1162 2028 1492 2091 Romanum
1528 2029 1771 2092 ausumt
1842 2032 1846 2043 '

220 2104 760 2190 introductumque
802 2108 865 2173 in
907 2110 1172 2173 senatum
1207 2154 1228 2183 ,
1269 2106 1528 2171 consulis
1572 2108 1774 2174 verbis

224 2182 407 2268 egiffe
431 2184 507 2248 de
533 2186 814 2253 societate
842 2190 1220 2273 amicitiaque
1247 2208 1264 2249 τ
1293 2206 1474 2273 atque
1499 2187 1638 2253 inde
1663 2208 1770 2253 co·
1845 2206 1850 2213 ·

228 2266 317 2331 mi
354 2265 613 2349 hospitio
650 2288 963 2351 acceptum
985 2314 1006 2345 ,
1032 2268 1313 2332 nunciare
1347 2270 1622 2332 Romanis
1654 2270 1773 2349 jus-

227 2348 364 2411 sum
402 2394 420 2411 .
466 2366 869 2419 commeatum
910 2347 1204 2410 exercitui
1249 2348 1484 2410 'dierum
1527 2349 1774 2430 triginta

230 2424 441 2509 praestb
485 2424 656 2499 fore,
677 2425 719 2486 fi
761 2448 830 2490 ea
872 2425 1003 2489 loca
1042 2420 1337 2501 inti-affer,
1370 2425 1775 2505 juventutem-

229 2526 355 2592 que
389 2504 765 2570 Camertium
803 2504 1167 2569 Umbrorum
1202 2503 1266 2568 in
1304 2505 1479 2567 armis
1511 2524 1773 2590 paratam

229 2586 486 2670 imperio
518 2584 801 2665 futuram
838 2590 979 2650 Haec
1006 2606 1194 2671 quum
1223 2583 1408 2648 reiata
1431 2587 1661 2651 consuli
1689 2588 1776 2650 es·

233 2668 368 2730 sent
387 2712 407 2741 ,
430 2666 872 2751 impedimentis
930 2666 1077 2733 rima
1098 2664 1304 2761 vigilia
1333 2665 1656 2750 praemiffi5,
1680 2667 1774 2731 le-

234 2742 521 2891 {ionibus
559 2747 687 2832 post
724 2748 879 2833 impe
923 2748 1143 2812 imenta
1171 2768 1256 2812 tre
1279 2746 1470 2829 juffis,
1495 2749 1614 2832 ipse
1640 2747 1779 2813 sub-

292 2824 392 2889 itit
428 2845 566 2894 cum
597 2829 905 2911 equitatu:
928 2830 989 2891 δε
1025 2826 1162 2892 luce
1190 2826 1322 2891 orta
1348 2876 1370 2907 ,
1404 2826 1642 2915 postero
1677 2828 1778 2893 die
1807 2848 1813 2863 ¹

238 2904 620 2987 obequitavit
667 2906 1011 2973 stationibus
1063 2906 1324 2973 hostiurn
1351 2956 1374 2986 ‚
1423 2930 1554 3003 quae
1611 2926 1779 2973 extra

244 2986 458 3049 saltum
488 2983 585 3045 dis
613 2984 765 3050 ofitae
794 3005 995 3052 erant:
1019 2992 1118 3063 &,
1142 3010 1332 3072 quum
1367 2991 1501 3053 satis
1533 2986 1639 3051 diu
1677 2998 1776 3050 te·-

242 3062 459 3135 nuiffet
482 3063 564 3133 ho
614 3085 709 3143 em
724 3112 745 3144 ‚
770 3064 833 3135 in
854 3070 1035 3133 castra
1056 3070 1172 3134 sese
1198 3071 1425 3155 recepit
1438 3116 1460 3150 ,
1479 3067 1778 3155 portaque

303 3260 329 3315 3
350 3243 652 3305 ,abhorrebat
667 3244 699 3297 δ
710 3242 849 3315 fide]
877 3246 1019 3302 Credi
1042 3260 1142 3301 non
1160 3256 1368 3316 poterat·

290 3482 317 3495 κ
